2104 3022
295 134 345 184 DE
362 131 589 184 osssomsus
606 135 709 185 24-26.
853 135 902 190 Μ

104 243 360 312 mtseenlthlms
376 245 619 301 ealemetAslnias
634 241 902 304 etcssmeweliae

103 326 139 378 et·
150 323 249 378 Brutus
266 339 317 378 suo
333 321 391 393 jure
410 327 437 378 et
455 321 582 393 primibus
598 325 628 378 et
646 323 811 395 sequentibus
830 329 902 381 santa·

104 401 242 470 ponuntur.
276 399 334 455 Nee
352 399 432 454 rafam
451 399 520 470 quod
537 399 605 455 inter
624 417 651 456 se
671 400 756 474 speeie
774 400 925 468 differantt

103 494 162 532 uam
186 491 279 548 genere
303 476 473 533 eonsentiaut.
509 475 665 533 Allatrietior
688 477 790 546 Calvus,
813 495 902 534 nume-

103 552 184 607 resim
191 551 901 625 Asiaimspleadidiorcssar,amarior0elim,gravioe

9 658 12 666 ·
103 627 210 695 Brutus,
230 628 406 685 vehementior
426 632 453 684 et
476 629 574 700 plenior
596 634 623 686 et
646 630 770 686 valentior
791 631 900 688 cinero-³

103 721 191 760 omnes
203 708 290 760 tamea
301 704 406 760 eandem
417 706 553 761 sanitatem
564 706 715 778 eloquentis
728 707 823 777 imant,
834 711 865 764 ut
876 710 901 765 sl

103 781 216 837 omnium
228 781 324 853 pariter
331 780 410 837 libros
422 781 450 836 in
458 799 561 837 manum
573 783 717 854 eumpssn‘s,
728 783 801 851 setas,
811 800 899 856 qaam·

102 857 142 913 vis
153 858 181 912 in
195 857 302 912 diversis
317 856 435 928 ingeniis,
446 875 503 914 asse
519 857 643 930 quandam
658 859 749 930 judieii
763 878 794 916 ae
809 861 900 916 volun·

104 934 167 989 tatis
179 933 370 989 similitudinem
381 937 408 989 et
417 935 600 1005 sugestionem.
635 935 704 990 Nam
712 936 780 1006 quod
792 937 922 992 invieemt

105 1027 134 1066 se
141 1010 359 1075 obtreetaverunt,
369 1011 409 1080 (et
418 1013 479 1065 sant
488 1011 571 1082 aliqua
581 1011 696 1082 epistolis
705 1029 792 1067 eorum
803 1013 901 1068 inserta

103 1105 136 1142 ex
148 1086 241 1158 quibus
250 1089 341 1141 mutae
348 1085 492 1157 malignitas
500 1087 650 1158 detegitur)
659 1105 711 1144 noa
719 1091 760 1144 est
768 1092 899 1145 oratorum
940 1115 950 1133 κ

103 1163 202 1230 vitium,
216 1161 262 1218 sed
276 1161 415 1217 hominum.
452 1163 520 1218 Nam
535 1168 562 1218 et
577 1163 683 1219 Calvum
699 1168 726 1220 et
741 1165 858 1220 Asinium
871 1169 899 1221 et

103 1239 186 1311 ipsum
204 1239 353 1295 &aaronem
369 1238 444 1294 eredo
460 1239 549 1294 solitos
564 1243 591 1295 et
607 1240 719 1296 invidere
735 1244 762 1296 et
777 1241 856 1297 livere
870 1245 899 1298 et

104 1316 195 1372 ueteris
206 1315 323 1371 humane
335 1315 490 1370 infirmitatis
502 1315 571 1371 vitiis
583 1317 662 1372 affini:
681 1317 763 1372 solum
773 1317 841 1373 inter
852 1319 899 1374 hos

104 1391 213 1448 arbitror
228 1391 340 1447 Brutum
356 1409 409 1446 non
424 1391 581 1463 malignitate
597 1411 645 1450 nee
660 1393 761 1460 invitia,
777 1394 822 1450 sed
838 1395 899 1450 sim-

103 1468 203 1539 pliciter
220 1471 247 1524 et
265 1468 376 1540 ingenue
391 1467 514 1540 judicium
534 1469 611 1525 aninli
629 1470 670 1526 sui
686 1470 820 1527 detexisse.
856 1472 920 1526 Ant

102 1544 145 1600 ille
158 1544 275 1602 Oinaroni
289 1543 421 1611 invideret,
435 1544 479 1615 qui
489 1545 554 1601 mihi
568 1545 670 1602 videtur
685 1565 718 1603 aa
733 1546 829 1604 Oesmi
844 1548 898 1618 qui·

103 1621 161 1676 dem
176 1621 315 1678 invidisse?
347 1620 424 1682 Quod
445 1621 478 1676 ad
496 1622 550 1678 Ser.
570 1623 675 1680 Galbam
695 1627 723 1679 et
742 1624 771 1680 (l.
791 1625 897 1680 Laelium

103 1697 203 1764 attinet,
215 1701 242 1753 et
254 1698 276 1753 si
288 1715 351 1769 quos
364 1698 425 1753 alios
442 1698 603 1771 antiquorum
615 1701 711 1772 agitare
722 1719 775 1756 non
790 1701 897 1767 destitit,

102 1789 155 1826 non
170 1773 252 1843 exigit
264 1772 429 1839 defensorem,
446 1791 504 1830 eum
516 1775 605 1841 fatear,
619 1777 730 1848 quaedam
748 1778 898 1848 eloquentis

102 1865 198 1912 eorum,
210 1851 242 1902 ut
253 1849 369 1903 aaseenti
382 1849 472 1917 adhue,
484 1867 532 1906 nee
543 1852 605 1906 satis
617 1852 717 1917 adulte,
731 1852 849 1908 defuisse.

137 1926 153 1954 “
160 1923 288 1978 Getarum
300 1923 330 1988 si,
343 1925 436 1978 omisso
448 1925 544 1996 optimo
554 1925 598 1980 illo
610 1930 637 1980 et
652 1927 837 1997 perfectissimo
852 1946 896 2000 ge·
904 1925 942 1981 26

102 2015 163 2054 nere
174 1998 332 2070 eloquentiae,
341 1999 457 2071 eligenda
468 2001 503 2055 sit
512 1999 708 2068 medicandi,
718 2003 803 2058 malim
812 2003 897 2061 herela

102 2074 133 2131 0.
152 2075 259 2131 (traeehi
274 2076 397 2145 impetum
415 2083 462 2132 eut
477 2075 509 2132 L.
527 2077 612 2132 Crassi
628 2079 802 2135 maturitatem
820 2099 896 2152 quam

102 2151 260 2208 calamistros
284 2151 434 2208 Maeeenatis
457 2157 502 2208 aut
524 2152 634 2210 tinnitus
658 2154 787 2212 Gallionis.
822 2157 896 2214 Adeo

101 2227 192 2284 melius
210 2231 251 2283 est
268 2230 394 2284 oratorem
411 2229 452 2285 vel
469 2229 539 2284 hinta
553 2232 614 2299 toga
631 2231 743 2298 induere,
762 2251 838 2304 quam
855 2234 896 2290 iu·

102 2305 166 2360 eatis
189 2307 216 2360 et
238 2304 388 2359 meretriciis
409 2305 523 2360 vestibus
546 2305 676 2379 insignire.
711 2307 804 2380 Neque
828 2311 918 2366 enimss

102 2380 228 2436 oratorius
239 2380 296 2448 ista,
308 2381 385 2436 immo
396 2381 481 2436 hemle
491 2400 524 2436 ne
539 2381 618 2438 virilis
631 2383 732 2453 quidem
748 2387 834 2443 cultus
845 2393 894 2456 est,

102 2473 154 2527 quo
169 2456 282 2528 plerique
297 2459 440 2528 temporum
455 2461 600 2513 nostrorum
612 2467 711 2516 amores
724 2462 762 2518 ita
777 2467 894 2530 utuntur,

101 2535 132 2587 ut
143 2532 246 2588 lascivia
256 2531 390 2588 verborum
402 2537 429 2588 et
440 2533 544 2589 levitate
556 2537 740 2593 sententiarum
755 2542 782 2594 et
793 2537 896 2598 licentia

102 2609 290 2680 oompositionis
304 2609 464 2666 histrionales
475 2610 563 2666 modos
580 2613 731 2684 exp1imant.
768 2616 918 2689 Quodqnes

102 2685 147 2742 vix
163 2685 252 2742 audita
268 2685 308 2742 las
325 2703 381 2744 esse
398 2685 496 2757 debeat,
510 2686 593 2744 laudis
608 2693 636 2746 et
653 2691 740 2763 glorie
756 2697 783 2749 st
800 2691 895 2766 ingemi
