2086 3026
174 143 221 192 lea
506 144 629 194 raom

801 205 965 254 mnam.

149 267 246 325 oposee
265 253 413 310 universum
432 253 554 310 Senatum
577 273 630 310 una
649 272 711 310 voce
735 253 856 309 subverti.
894 256 966 309 Reti-

170 334 237 398 nete,
254 331 345 385 Patres
363 332 507 402 conscripti,
523 335 550 386 et
566 335 694 386 reservate
708 331 835 386 hominem
850 334 906 384 tam
924 348 966 384 er·

169 407 250 478 pediti
261 407 367 472 consilii,
382 410 412 462 ut
426 407 508 463 omnis
524 412 586 463 etas
603 408 730 462 instructa
744 407 785 474 sit,
797 410 824 461 et
839 407 966 477 quomodo

168 501 243 538 senes
263 483 345 538 nostri
368 483 526 550 Marcellum,
551 484 677 554 Crispum,
697 484 804 554 juvenes
828 483 967 554 Regulum,

148 559 309 616 limitentur.
356 557 460 614 Invenit
484 561 564 615 etiam
592 559 695 614 aemulos
725 559 813 613 infelix
841 559 966 629 nequitia.

170 633 240 694 Quid
252 634 275 689 si
285 635 374 690 floreat
386 635 542 706 vigeatque?
559 636 595 690 Et
607 654 683 707 quem
695 635 778 690 adbuc
790 635 967 694 Quaestoriuru

168 709 295 765 offendere
324 728 376 766 non
403 711 535 777 audemus,
563 711 715 766 Praetorium
741 714 768 766 et
798 711 967 766 Consularem

167 785 247 842 visuri
259 789 366 842 sumus?
384 789 427 842 An
441 787 571 843 Neronem
585 791 728 842 extremum
743 786 906 842 dominorum
920 807 968 858 pu·

145 862 248 920 statis?
266 862 339 918 idem
354 863 521 929 crediderant,
540 863 585 934 qui
599 863 707 928 Tiberio,
725 863 769 932 qni
786 863 855 928 Caio,
875 882 969 933 super-

166 938 241 994 stites
259 939 378 994 inerunt:
397 956 455 994 oum
470 939 572 994 interim
586 939 753 996 intestabilior
768 944 795 996 et
812 939 905 994 savior
920 957 968 995 ex·

166 1017 238 1070 ortus
262 1018 310 1070 est.
346 1015 407 1070 Non
426 1015 545 1070 timemus
567 1015 767 1086 Vespasianum:
786 1034 817 1072 ea
835 1016 967 1086 Principis

166 1093 236 1157 setas,
249 1109 279 1147 ea
290 1090 437 1147 moderatio.
474 1090 525 1145 Sed
536 1090 632 1146 diutius
645 1091 737 1148 durant
749 1091 871 1162 exempla,
886 1111 967 1162 quam

165 1184 256 1222 mores.
290 1167 465 1238 lilanguimus,
490 1167 581 1222 Patres
604 1169 748 1239 conscripti,
773 1185 820 1224 nec
842 1169 897 1238 jam
920 1169 966 1224 illa

166 1243 276 1298 Senatus
290 1261 387 1310 snmus,
400 1243 452 1314 qui,
466 1243 550 1298 occiso
564 1243 675 1309 Nerone,
693 1244 817 1300 delatores
832 1247 859 1298 et
874 1244 967 1299 minis-

164 1321 220 1375 tros
231 1337 301 1376 more
312 1321 437 1392 majorum
448 1319 589 1391 puniendos
602 1321 742 1391 flagitabat.
779 1320 901 1391 Optimus
912 1324 963 1387 est,

164 1399 223 1466 post
235 1396 329 1451 malum
341 1397 492 1467 Principem,
505 1395 559 1450 dies
570 1396 692 1466 primus.”

119 1479 157 1532 43
199 1471 282 1525 Tanto
303 1489 359 1526 oum
379 1489 485 1528 assensu
506 1471 615 1527 Senatus
635 1473 737 1528 auditne
754 1477 794 1528 est
810 1474 963 1539 Montanus,

165 1548 195 1600 ut
208 1563 278 1615 spem
290 1550 391 1615 caperet
403 1547 547 1612 Helvidius,
560 1565 634 1618 posse
646 1549 723 1604 etiam
739 1549 891 1604 Marcellum
903 1568 964 1619 pro-

164 1621 252 1676 sterni.
288 1621 374 1692 lgitur
391 1639 407 1676 a
423 1622 497 1677 laude
510 1623 594 1679 Cluvii
614 1625 675 1680 Rufi
693 1644 774 1692 orsus,
787 1626 839 1697 qui,
856 1626 964 1696 perinde

163 1697 234 1753 dives
253 1700 280 1752 et
299 1697 443 1768 eloquentia
461 1698 552 1767 clarus,
573 1700 636 1756 nulli
653 1721 766 1773 unquam
786 1701 834 1757 sub
855 1702 963 1758 Nerone

162 1773 302 1844 perieulum
319 1774 471 1840 lacessisset,
490 1776 594 1831 crimine
611 1777 684 1832 simul
702 1778 867 1850 exemploque
885 1779 964 1848 Epri-

141 1866 205 1912 aum
230 1849 344 1922 urgebat,
370 1850 516 1906 ardentibus
540 1852 647 1908 Petrum
671 1855 768 1909 animis.
814 1851 893 1913 Quod
915 1854 963 1909 ubi

162 1928 242 1984 sensit
265 1927 410 1994 Marcellus,
435 1927 505 1983 velut
529 1929 653 1985 excedens
676 1931 760 1987 curia:
780 1931 903 1997 “Imus''
923 1931 963 1985 in·

161 2006 225 2078 quit,
255 2005 373 2072 “Prisoe,
399 2007 426 2060 et
452 2004 616 2075 relinquimus
645 2007 694 2062 tibi
720 2007 842 2062 Senonum
867 2009 961 2061 tunm:

161 2101 247 2155 regna,
259 2085 384 2154 praesente
397 2081 522 2137 casare?
559 2081 718 2152 Sequebatur
729 2084 821 2139 Vibius
833 2083 960 2153 Crispus:

161 2161 235 2216 ambo
247 2160 347 2225 infensi,
356 2158 429 2215 vultu
439 2157 538 2213 diverso
546 2180 554 2224 ;
572 2159 710 2215 Marcellus
719 2159 859 2216 minacibus
868 2159 959 2224 oculis,

162 2237 268 2305 Crispus
293 2236 425 2290 renidens:
444 2233 524 2289 donec
550 2251 658 2290 accursu
682 2237 820 2291 amiconnn
843 2235 962 2290 retrahe·

140 2313 257 2366 arantur.
295 2311 360 2363 Cum
380 2310 498 2378 glisceret
516 2312 652 2375 certamen,
669 2311 728 2366 bino
745 2311 820 2366 multi
840 2310 960 2381 bonique,

160 2380 220 2432 inde
236 2383 352 2446 paucist
368 2383 451 2448 validi,
468 2385 639 2453 pertinacibus
655 2385 721 2440 odiis
739 2387 882 2452 tenderent,
900 2404 961 2441 con·

116 2455 278 2517 44sumptus
301 2470 347 2518 per
365 2455 514 2510 discor-dium
538 2459 600 2513 dies.
637 2461 756 2516 Proximo
785 2463 891 2526 Senatu,
918 2461 959 2516 in-

160 2522 268 2576 choante
284 2523 391 2589 ansare,
408 2527 440 2580 de
454 2531 576 2588 abolendo
591 2533 676 2590 dolore
690 2537 785 2608 iraque,
798 2543 825 2592 et
840 2539 959 2606 priorum

159 2598 302 2680 temlffln}
313 2599 515 2667 necessitatibus,
527 2609 627 2663 oeusruit
643 2610 780 2666 Mucianum
798 2612 896 2682 prolixe
908 2628 957 2681 pro

160 2669 361 2724 accusatoribus:
380 2671 455 2728 simul
474 2693 526 2742 eos,
549 2683 593 2750 qui
613 2688 730 2754 amplam,
747 2687 806 2742 dein
824 2688 953 2754 omissam,
