2086 3026
161 95 209 144 22⁰
498 91 620 142 raom

794 152 829 206 [s.
840 153 868 194 u.
877 153 899 194 o
910 152 959 196 asa

160 203 288 260 inmelius
298 204 419 271 mutaret,
427 202 583 260 Parthorum
593 202 660 259 bello
668 201 812 274 prohibitus
823 207 879 258 est:
897 221 961 259 nam

138 285 192 336 tea
205 283 356 352 tempestate
370 281 479 336 Arsaoes
496 280 645 336 desoiverat.
681 279 749 334 uum
763 279 855 345 iudei,
870 280 962 336 Maee-

161 355 270 412 donibus
286 355 410 422 invalidis,
423 357 527 412 Parthis
542 356 656 412 nondum
672 355 774 421 adultis,
793 357 832 426 (et
847 355 962 412 Romani

160 433 251 504 procul
262 433 355 501 erant)
368 431 417 488 sibi
428 433 478 504 ipsi
488 451 563 505 reges
574 433 734 504 irnposnere;
753 432 805 504 qui,
816 431 962 488 mobilitate

161 508 232 579 vulgi
253 508 359 578 expulsi,
381 514 513 586 resumpta
531 527 577 580 per
596 527 666 564 arma
684 508 863 574 dominatione,
883 507 961 578 iuges

161 584 262 650 oinium,
281 583 383 639 urbium
400 585 551 651 eversiones,
570 585 687 650 fratrum,
704 588 850 656 eonjugunr,
869 602 962 655 pareu-

161 661 219 714 tum
238 676 314 715 neoes
334 660 433 731 aliaque
454 661 531 716 solita
551 661 655 732 regibus
676 661 732 715 ausi
751 660 962 731 superstitionem

161 734 290 800 fovebant,
307 736 368 808 qnia
383 737 466 792 honor
483 737 618 793 saeerdotii
635 738 821 792 firmamentum
838 737 963 807 potentiae

135 811 345 869 9assumebatur.
381 813 556 870 Romanorum
572 813 670 885 primus
691 813 739 868 On
757 813 895 883 Pompeius
916 814 963 868 Jn-

162 887 231 944 deos
246 889 352 955 domuit,
370 889 545 962 templumque
556 893 617 961 jure
634 889 748 947 viotorie
763 889 895 960 ingressus
914 893 962 944 est

162 965 222 1022 inde
237 965 377 1038 vulgatum,
390 965 460 1022 nulla
474 966 546 1022 intus
562 966 639 1022 delum
654 967 737 1040 effigia
752 983 859 1022 saeuam
875 965 963 1021 sedem

162 1045 190 1098 et
208 1043 293 1101 inania
311 1060 409 1098 aroanna
446 1043 519 1098 Muri
535 1043 771 1115 Hierosolymorum
786 1041 874 1108 diruti,
889 1041 963 1098 delu-

139 1117 238 1174 2brum
253 1119 354 1174 mansit.
390 1119 456 1174 Mox
471 1119 540 1175 oivili
554 1119 681 1176 internos
695 1118 769 1185 bello,
783 1121 921 1190 postquem
936 1119 964 1174 in

163 1193 286 1250 ditionem
294 1195 333 1250 M.
343 1195 450 1250 Antonii
457 1196 593 1266 provincia
605 1198 740 1261 oesserant,
750 1213 796 1250 rex
806 1195 963 1250 Parthorum

163 1270 277 1326 Paoorus
288 1270 379 1326 Judoee
393 1271 499 1342 potibus,
512 1273 713 1343 interfeotusque
725 1289 741 1326 a
751 1271 782 1328 P.
793 1270 923 1336 Ventidio,
936 1274 962 1325 et
993 1329 997 1336 ,

163 1345 254 1402 Parthi
265 1351 336 1402 trans
348 1347 501 1418 Euphraten
512 1348 623 1404 redacti:
642 1347 747 1404 Judeos
759 1348 787 1402 (l.
800 1346 890 1401 Sosius
902 1346 962 1402 sub

139 1422 225 1492 tegit.
261 1423 381 1492 Regnum
400 1423 432 1479 ab
450 1425 564 1480 Antonio
583 1424 682 1480 Herodi
700 1423 788 1478 datum
806 1422 890 1478 vietor
908 1424 963 1476 Au·

162 1501 256 1568 gustus
275 1499 355 1553 anxit.
392 1499 457 1554 Post
473 1510 583 1556 mortem
598 1499 718 1565 Herodis,
734 1498 799 1554 nihil
813 1501 962 1570 exspectato

163 1573 272 1638 cesare,
290 1573 360 1628 Simo
378 1575 483 1645 quidam
502 1578 602 1648 regium
618 1593 711 1632 nomen
728 1575 864 1660 invaserat.
900 1574 931 1629 Is
948 1593 963 1628 a

164 1647 291 1708 Quintilio
308 1649 386 1716 Varo,
402 1650 536 1708 obtinente
554 1654 659 1724 Syriam,
677 1651 797 1723 punitus;
816 1655 843 1706 et
859 1655 963 1721 gentem

139 1724 299 1780 teodreitam
315 1725 390 1781 liberi
407 1727 521 1784 Herodis
537 1730 668 1800 tripertito
685 1745 782 1783 rexere.
819 1727 873 1782 Sub
889 1727 962 1783 'libe

163 1801 201 1857 rio
219 1802 299 1874 quies.
335 1803 404 1858 Dein
424 1803 492 1876 jussi
515 1823 531 1860 a
554 1806 583 1860 G.
603 1805 705 1860 Caesare
728 1803 836 1875 effigiem
856 1803 914 1873 ejus
937 1804 963 1858 in

162 1878 260 1949 templo
283 1879 375 1946 loeare,
401 1898 472 1936 arma
494 1882 581 1953 potius
602 1897 747 1951 sumpsere;
766 1897 841 1951 quem
863 1883 964 1934 motum

140 1956 272 2014 thesaris
284 1974 352 2012 mors
365 1957 476 2014 diremit.
513 1958 644 2024 cumdius,
657 1956 786 2012 deiunotis
802 1955 906 2027 regibus
919 1959 963 2011 aut

163 2032 200 2087 ad
219 2033 347 2089 modinum
370 2033 491 2101 redactis,
516 2034 632 2090 Judoenm
655 2033 810 2105 provinciam
833 2031 963 2104 equitibus

163 2108 288 2165 Romanis
301 2113 347 2164 aut
359 2109 459 2166 libertis
471 2110 587 2182 permisit
596 2132 604 2178 ;
623 2128 638 2165 e
650 2109 742 2182 quibus
750 2109 880 2164 Antonius
891 2109 964 2164 Felix

163 2201 209 2254 per
223 2203 324 2240 omnem
339 2187 463 2242 sevitiam
479 2204 509 2242 ao
520 2186 649 2242 libidinem
658 2187 701 2258 jus
713 2185 811 2256 regium
824 2185 910 2241 servili
925 2187 964 2240 in·

163 2260 239 2326 genio
251 2262 373 2330 exerouit,
386 2263 502 2318 Drusilla
520 2262 662 2334 Oleopatrae
677 2265 704 2317 et
721 2261 828 2316 Antonii
842 2265 923 2332 nepte
937 2261 964 2316 in

162 2332 353 2387 matrimonium
373 2341 487 2407 aooepta,
505 2341 536 2392 ut
554 2338 670 2408 ejusdem
690 2337 797 2392 Antonii
813 2337 888 2392 Felix
907 2355 964 2408 pro

119 2409 155 2462 10
163 2419 249 2488 gener,
263 2405 386 2462 cnudius
398 2429 477 2481 nepos
495 2417 571 2468 esset.
607 2414 718 2469 Duravit
735 2416 823 2468 tamen
839 2413 965 2484 patientia

163 2474 260 2528 Judseu
271 2495 354 2546 nsque
365 2482 397 2535 ad
407 2485 524 2542 Gessium
536 2489 640 2544 Florum
648 2493 853 2560 proouratorem:
873 2489 923 2545 snb
934 2507 964 2545 eo

163 2546 259 2602 bellum
277 2554 378 2620 ortum.
414 2557 450 2612 ut
477 2565 642 2633 oomprimere
669 2568 823 2636 ooeptantem
849 2566 965 2621 Oestim

164 2620 274 2688 Gallum,
288 2623 367 2693 Syriae
384 2627 505 2700 legatum,
517 2638 588 2694 varis
604 2641 691 2711 prelis
705 2659 736 2698 ao
747 2641 841 2712 sepina
857 2640 965 2698 advena
