2096 3038
146 73 177 126 88
481 69 600 118 raom

779 133 814 180 [Δ.
824 131 851 170 U.
862 131 883 169 0.
894 130 947 172 822.»Δ
1030 129 1031 158 l

145 180 212 252 legio
227 180 254 236 in
271 180 422 252 Hispaniam
440 181 524 246 missa,
537 185 568 236 at
585 198 647 253 pace
664 182 691 236 et
709 179 762 234 otio
779 180 941 251 mitesceret;

145 256 279 312 undecima
302 275 331 312 ac
355 257 463 328 septima
486 258 539 312 suis
563 257 674 313 hibernis
703 256 825 322 redditre3
855 256 943 310 tertia·

122 331 270 388 adeoimani
293 336 392 388 struere
416 333 602 404 amphitheatra
622 333 695 404 jussi.
743 333 813 388 Nam
843 332 946 387 Caecina

147 409 287 475 Cremona,
310 409 406 465 Valens
429 410 552 466 Boncnire
576 409 748 481 spectaculum
775 409 945 480 gladiatorum

147 484 222 540 edere
235 485 366 556 parabant,
379 505 508 557 nunquam
526 487 564 542 ita
581 486 613 542 ad
630 503 704 541 curas
721 485 821 540 intento
839 483 945 539 Vitellio
1030 527 1031 550 ,

147 566 177 616 ut
189 562 349 633 voluptatum
361 563 559 618 oblivisceretur.

102 648 139 700 68
182 639 218 694 Et
230 639 429 710 quidempartes
441 639 555 695 modeste
568 639 735 694 distraxerat:
755 636 823 708 apud
834 637 945 691 victores
1030 659 1031 672 ¹

148 718 205 770 orta
228 715 327 781 seditio,
351 715 449 771 ludicro
472 716 553 781 initio,
578 719 606 770 ni
625 733 745 770 muneras
766 731 888 768 caesorum
908 713 946 767 in·

148 791 241 846 vidiam
264 791 330 846 bello
353 793 474 847 auxisset.
515 791 686 847 Discubuerat
709 789 831 844 Vitellius
855 789 944 853 licini,

125 867 264 922 2adbibitc
285 867 317 922 ad
340 869 427 939 epulas
451 869 582 939 Verginio.
617 867 711 938 Legati
734 865 892 936 tribunique,
913 882 946 920 cx
1030 857 1031 866 ¹

149 943 261 998 moribus
277 943 465 1015 imperatorum,
485 945 646 999 severitatem
662 943 812 998 aemulantur
824 941 864 996 vel
881 945 946 995 tem-

149 1020 256 1092 pestivis
277 1021 398 1076 conviviis
417 1021 544 1092 gaudent;
563 1019 666 1091 perinde
681 1019 752 1073 miles
768 1018 882 1072 intentus
900 1021 954 1072 aut

150 1097 256 1153 licenter
275 1098 337 1170 agit.
374 1097 451 1168 Apud
471 1097 607 1152 Vitellium
626 1095 710 1150 omnia
729 1094 890 1164 indisposita,
906 1098 947 1148 te·
1027 1159 1028 1163 Ἰ

150 1175 270 1240 rnulenta,
283 1173 421 1245 pervigilis
434 1192 463 1229 ac
475 1172 668 1229 bacchanalibus
681 1189 756 1242 quam
769 1170 906 1240 discipline
919 1173 948 1224 et

127 1251 242 1313 acastris
261 1250 386 1321 propiora.
422 1249 508 1321 Igitur
529 1249 627 1304 duobus
651 1247 782 1310 militibus,
807 1246 887 1300 altero
910 1245 947 1300 le-

153 1327 235 1398 gionis
248 1327 350 1396 quinta,
364 1326 443 1379 altero
456 1345 470 1380 e
483 1325 561 1382 Gallis
574 1323 743 1391 auxiliaribus,
755 1341 801 1394 per
818 1321 951 1376 lasciviam

153 1401 186 1455 ad
209 1404 337 1455 certamen
359 1401 472 1455 luctandi
495 1401 614 1465 accensis,
635 1403 770 1470 postquam
793 1397 946 1468 legionarius

152 1475 302 1548 prociderat,
321 1475 460 1530 insultante
479 1477 559 1542 Gallo,
578 1481 604 1532 ct
622 1476 653 1530 iis
672 1475 716 1546 qui
733 1475 765 1528 ad
781 1473 948 1545 spectandum

153 1557 321 1608 convenerant
342 1551 370 1605 in
392 1551 478 1605 studia
501 1551 618 1619 diductis,
637 1569 742 1622 erupere
765 1549 896 1621 legionarii
919 1549 948 1604 iu

128 1628 289 1700 4pemlciem
301 1627 459 1694 auxiliorum,
471 1645 501 1682 ac
513 1627 569 1682 dure
582 1629 698 1683 cohortes
710 1627 858 1682 interfecta.
895 1625 948 1680 Bc-

152 1699 264 1760 medium
284 1702 410 1758 tumultus
431 1703 481 1757 fuit
499 1703 563 1758 alius
581 1703 715 1758 tumultus.
751 1703 840 1758 Pulvis
858 1701 947 1772 procrd

153 1783 180 1836 et
198 1778 487 1854 armalaspioiebantnr:
507 1779 691 1834 conclamatum
708 1783 813 1850 repente
831 1782 948 1849 quartam

153 1856 275 1912 decimam
296 1855 428 1927 legionem,
450 1873 523 1910 verso
542 1856 641 1921 itinere,
663 1855 695 1910 ad
718 1855 832 1926 praelium
852 1854 946 1911 venire.

129 1931 205 1988 §Sed
225 1937 297 1988 erant
316 1931 423 2004 agminis
444 1936 588 1987 coactores:
607 1932 688 2002 agrriti
707 1931 837 2002 dempsere
856 1929 948 1985 sollici·

152 2009 275 2065 tudinem.
324 2009 433 2064 Interim
456 2007 573 2080 Verginii
602 2025 690 2062 servus
714 2007 781 2061 forte
804 2005 893 2061 obvius
916 2009 948 2060 ut

153 2098 287 2157 percussor
297 2085 397 2140 Vitellii
408 2084 575 2140 insimulatur.
612 2083 648 2138 Et
660 2082 750 2137 ruebat
762 2082 794 2136 ad
805 2081 947 2136 convivium

152 2163 232 2228 miles,
251 2166 359 2216 mortem
381 2160 493 2232 Verginii
511 2176 656 2230 exposcens.
693 2159 735 2212 Ne
756 2158 876 2212 Vitellius
895 2157 954 2227 qur,

154 2237 219 2302 dem,
233 2255 376 2308 quanquam
388 2236 420 2289 ad
432 2253 519 2290 omnes
532 2235 687 2307 suspiciones
702 2233 816 2304 pavidus,
828 2232 859 2288 de
877 2233 950 2287 inno-

129 2313 238 2368 dcentia
258 2314 311 2383 ejus
331 2311 465 2366 dubitavit.
501 2311 581 2382 AEgrc
601 2315 687 2366 tamen
705 2311 817 2375 cohibiti,
836 2310 879 2380 qui
897 2309 950 2364 exi-

153 2389 219 2442 tium
245 2387 391 2450 consularis,
416 2390 451 2460 et⁴
467 2387 593 2456 quondam
623 2387 694 2442 ducis
718 2387 765 2452 sui,
790 2385 948 2456 flagitabant.

154 2464 212 2518 Nec
228 2471 381 2532 quemquam
396 2455 488 2530 saepius
506 2479 582 2532 quam
593 2463 747 2534 Verginium
763 2463 844 2517 omnis
857 2461 950 2516 seditio

121 2575 126 2588 .
155 2531 300 2596 infestabit,
317 2527 452 2593 'limabat
470 2535 602 2592 admiratio
619 2539 667 2592 riri
685 2543 715 2592 et
726 2539 808 2593 lama:
828 2538 873 2592 sed
890 2537 951 2592 ode-

110 2615 214 2704 dprant
231 2615 261 2666 ut
278 2609 394 2692 fastiditi
430 2610 538 2665 Postero
554 2611 595 2666 dic
612 2613 739 2680 Vitellius,
759 2614 863 2670 senatus
881 2613 953 2682 lega,v
