2094 3040
78 218 97 255 Δ
115 215 135 255 n
152 215 196 264 ⁶⁹]
273 149 526 201 HISTORIARUbl
546 151 565 201 1.
585 153 687 200 88-48.
845 151 879 199 ²8

79 269 199 335 aspectus
211 267 238 319 et
256 263 443 320 imminentim
457 261 611 332 templorum
629 261 719 332 religio
735 263 763 316 et
778 259 876 332 priores

79 345 106 396 et
118 341 202 396 futuri
213 337 341 411 principes
352 344 476 404 terruere,
490 355 541 410 quo
558 337 643 394 minus
660 337 774 394 iaoemnt
792 336 876 394 soelus

78 419 151 488 eujus
175 417 246 472 ultor
275 420 316 472 est
345 416 462 488 quisquis
491 415 623 470 suooessit.
671 415 736 470 Viso
760 413 918 472 oominnsdl

78 500 235 550 armatorum
258 495 368 566 agmine,
390 493 537 549 vexillarius
558 493 686 548 eomitatm
711 491 817 548 Galbam
835 510 876 548 oo

78 572 160 627 bortis
182 571 303 642 (Atilium
322 570 496 642 Vergilionem
511 569 593 624 luisse
604 569 731 638 tradunt.)
744 569 876 640 dereptam

79 649 167 704 Galbae
186 648 323 719 imaginem
343 647 398 702 solo
418 645 516 702 afflixit.
551 647 590 702 Eo
610 646 684 718 signo
699 645 835 702 manifesta
849 645 901 702 int

78 725 211 780 Othonem
223 724 335 779 omnium
347 723 458 778 militum
470 722 564 788 studia,
574 723 703 780 desertum
715 723 778 794 luga
789 722 877 794 populi

77 801 170 870 furum,
180 800 304 856 destriota
315 799 437 854 adversus
450 798 598 854 dubitantes
609 799 670 856 teba
701 799 783 854 Juxta
791 799 900 854 Curtiit

77 876 162 932 laeum
180 875 353 946 trepidatione
371 875 509 930 ferentium
527 875 608 932 Galba
630 875 760 947 projeetus
779 893 795 931 e
814 875 877 931 sella

77 971 108 1008 ao
128 952 281 1024 provolutus
300 955 348 1007 est.
385 951 534 1006 Extremam
549 952 605 1024 ejus
620 971 717 1018 vooem,
735 955 766 1007 nt
783 951 901 1023 auique*

78 1031 166 1086 odium
187 1033 233 1084 aut
252 1028 387 1084 admiratm
407 1028 467 1096 fuir,
486 1029 555 1084 varie
571 1028 712 1099 prodidere.
748 1028 802 1084 Alii
818 1047 877 1100 snp-

78 1107 180 1180 plieiter
191 1107 364 1178 interrogasse
381 1105 443 1177 qnid
457 1105 518 1160 mali
536 1105 689 1172 meruisset;
708 1122 804 1175 patruos
822 1105 877 1162 dier

78 1183 236 1240 exsolvendo
265 1182 386 1238 donativo
417 1181 590 1253 deprecatum.
638 1181 730 1237 Plures
753 1180 900 1240 obtulisset

77 1261 147 1316 ultro
166 1259 361 1331 percussoribus
384 1258 521 1330 jugulum:
540 1262 646 1330 egerent
670 1258 833 1324 referirent,
855 1259 877 1314 si

77 1339 115 1394 ita
126 1359 140 1393 a
150 1357 180 1394 re
196 1337 299 1409 publiea
314 1337 453 1392 videretur.
490 1337 553 1392 Nou
569 1337 687 1392 interfuit
705 1336 900 1394 oooidentiumt

78 1415 258 1487 quiddioeret.
294 1413 336 1469 De
352 1431 502 1484 percussore
517 1431 570 1468 nen
587 1415 650 1470 setis
668 1417 776 1470 eonstat.
813 1413 876 1474 Qui·

78 1491 138 1546 dam
161 1490 311 1546 'ferentium
337 1494 479 1555 evocatum,
504 1489 548 1544 elii
576 1491 734 1558 Laberium
765 1491 877 1548 crebrior

78 1569 149 1622 lama
158 1567 266 1623 tradidit
280 1567 427 1622 Camurium
439 1566 535 1637 quinte
545 1566 648 1623 deeimar
656 1568 763 1640 legionis
770 1568 877 1624 militem

77 1645 204 1715 impresso
213 1643 298 1715 gladio
303 1643 422 1715 jugulum
430 1643 485 1714 ejus
495 1643 617 1700 hausisse.
643 1645 729 1701 Ceteri
741 1645 901 1705 mambra-7

77 1722 185 1793 ubisque
194 1722 264 1790 (uem
273 1727 362 1792 peetus
370 1719 526 1790 tegebatur,)
534 1721 600 1776 frede
608 1722 745 1789 laniuvere3
757 1723 878 1794 pleraque

77 1799 186 1854 vulnera
200 1798 303 1854 feritate
322 1801 349 1852 et
364 1797 463 1852 soevitia
479 1802 572 1854 truneo
585 1798 638 1870 jam
654 1799 753 1870 eorpori
769 1799 876 1871 adjecta,

78 1876 166 1930 'litum
183 1876 242 1930 inde
256 1875 362 1930 Vinium
382 1875 506 1930 invasere.
543 1875 584 1930 De
600 1894 651 1947 quo
663 1881 690 1932 et
702 1879 760 1948 ipso
772 1873 924 1948 ambigi-42

78 1956 131 2019 tur,
143 1951 364 2022 consumpseritne
376 1969 465 2007 vorem
478 1952 534 2024 ejus
546 1953 645 2008 instem
661 1958 753 2019 metus,
767 1971 800 2008 an
818 1973 876 2023 pro·

78 2027 227 2083 clamaverit
247 2045 299 2082 uon
318 2047 374 2083 esse
390 2027 422 2084 ab
444 2029 547 2084 Othone
563 2029 712 2084 mandatum
730 2033 762 2084 ut
780 2031 878 2086 ooeide·

78 2108 160 2160 retur.
198 2103 276 2164 Quod
300 2122 346 2159 seu
369 2105 444 2160 finxit
468 2105 603 2162 formidine
627 2123 672 2160 sen
697 2106 902 2160 oonsnentiamr

78 2181 264 2252 eonjurationis
273 2181 404 2236 eonsessus
417 2184 464 2246 eet,
473 2182 523 2237 buo
535 2183 621 2253 potius
630 2183 687 2253 ejus
699 2182 752 2238 vita
760 2181 880 2253 farraque

78 2258 194 2325 inclinat,
214 2262 246 2313 ut
265 2257 382 2312 eonseius
402 2257 504 2313 seeleris
524 2259 603 2314 fuerit
625 2259 698 2330 enjus
718 2277 796 2314 eausa
813 2263 876 2316 erat.

78 2335 150 2390 Ante
162 2333 242 2389 eedem
251 2333 304 2390 divi
315 2334 379 2388 Julii
388 2333 470 2404 jaouit
481 2335 563 2404 prime
575 2335 630 2390 ietu
638 2335 666 2389 in
677 2335 806 2406 poplitem,
818 2340 903 2394 mort

78 2411 111 2467 ab
123 2411 195 2466 Julio
208 2411 275 2466 Caro
287 2411 426 2482 legionario
437 2411 518 2468 milite
529 2412 557 2467 in
567 2415 706 2483 utrumque
717 2412 785 2468 latus
796 2418 878 2468 trans-

77 2488 238 2544 verberatus.
274 2488 406 2559 Insignem
419 2487 463 2543 illu
475 2487 516 2544 die
527 2489 609 2544 virum
620 2489 796 2559 Sempronium
809 2491 879 2544 Deu·
888 2495 927 2547 43

78 2583 136 2620 snm
149 2568 213 2619 etna
229 2567 318 2619 nostra
333 2564 406 2619 vidit.
444 2565 568 2619 Centurio
586 2565 608 2620 is
620 2565 745 2635 pretoria
758 2564 878 2627 eohortis,
991 2584 999 2592 ·

78 2659 95 2695 a
112 2641 196 2696 Galba
210 2641 334 2697 eustodiae
351 2640 453 2696 Pisonis
472 2640 581 2706 additus,
601 2641 692 2696 stricto
708 2640 821 2710 pugione
838 2653 881 2691 oo·

78 2735 186 2776 annena
203 2719 311 2776 armatis
328 2722 356 2776 et
373 2717 457 2776 soelua
476 2716 640 2789 exprobrans,
662 2733 692 2771 ae
709 2714 785 2770 modo
803 2725 881 2766 mauu
