2104 3022
166 57 215 112 264
497 57 620 114 'uncm

792 127 828 176 rs.
839 127 897 168 rao.
908 127 958 170 sss.

164 172 262 244 agitare
284 172 352 228 inter
372 190 400 228 se
419 173 486 228 mals
505 174 645 241 servitutis,
666 175 781 232 conferre
803 176 908 246 injurias
930 181 961 233 et
1026 239 1029 255 1

163 248 354 320 interpretando
366 249 509 306 accendere.
545 251 619 306 Nihil
631 252 717 321 profici
732 253 855 323 patientia
866 253 915 308 nisi
928 257 962 310 ut

164 326 287 396 graviora,
308 328 430 397 tanquam
448 345 482 382 ex
505 327 573 382 facili
593 325 769 393 tolerantibus,
790 329 959 400 imperentur.

143 400 283 472 tsingulos
301 400 349 456 sibi
367 402 427 457 olim
446 421 520 473 reges
538 403 625 472 luisse,
642 421 711 459 nunc
729 403 801 460 binos
821 405 925 476 imponi,
944 426 960 463 e

163 477 256 550 quibus
264 477 363 548 legatus
372 479 399 534 in
408 479 564 550 sanguinem,
574 488 723 549 procurator
731 481 759 536 in
770 480 836 536 bone
847 482 958 538 sreviret.

162 555 247 625 AEque
259 553 409 608 discordiam
423 556 624 626 prepositorum,
636 575 707 627 aequa
723 556 882 612 concordiam
897 558 959 614 snb·

160 629 237 701 jactis
252 629 392 686 exitiosam.
428 631 542 687 Alterius
559 650 648 686 manus
664 633 835 700 centuriones,
852 633 959 690 alterius

140 715 249 762 tservos
266 707 319 760 rior
339 709 365 760 ct
386 707 553 763 mutumelins
574 708 688 764 miscere.
724 709 797 764 Nihil
811 709 865 779 jam
885 711 958 780 eupi-

161 781 244 848 ditati,
257 782 428 838 uibillibidiui
440 788 583 854 exceptum.
620 785 958 856 Inprrelioiortioremesse
991 823 1006 844 .

161 858 206 929 qui
222 858 328 929 spoliet:
353 877 422 914 nunc
439 860 471 914 ab
486 860 585 931 ignavis
603 861 750 933 plerumque
768 865 795 918 at
812 861 957 918 imbellibus

161 934 224 1006 eripi
236 934 330 1000 domos,
344 935 456 990 abstrahi
472 936 572 1002 liberos,
584 938 684 1009 injungi
700 937 820 1002 delectus,
833 941 957 1009 tanquam

137 1011 225 1070 *mori
236 1015 337 1066 tantum
348 1029 395 1082 pro
407 1013 490 1082 patria
500 1011 679 1069 nescientibus.
715 1014 876 1074 Quantulum
886 1016 956 1070 enim

160 1088 282 1144 transisse
297 1088 414 1154 militum,
426 1088 449 1142 si
461 1107 517 1144 sese
532 1090 651 1145 Britanni
666 1088 819 1146 numerent?
838 1091 880 1145 Sic
893 1092 956 1146 Ger·

159 1163 256 1220 manias
271 1164 412 1220 excussisse
425 1165 531 1236 jugum:
558 1169 584 1220 et
600 1167 710 1231 flumine,
726 1184 778 1221 non
793 1167 895 1222 Oceano
911 1167 956 1222 de·

157 1240 237 1296 >leudi
273 1237 327 1295 sibi
341 1241 457 1311 patriam,
471 1244 602 1312 conjuges,
618 1246 744 1313 parentes,
757 1243 806 1298 illis
822 1243 956 1298 avaritism

136 1320 186 1374 tet
206 1317 332 1372 luxuriam
352 1335 441 1374 masas
461 1317 521 1372 belli
540 1336 605 1374 esse.
642 1319 806 1384 Reoessuros,
828 1322 857 1374 ut
878 1319 955 1376 divus

158 1392 246 1448 Julius
270 1393 425 1458 recessisset,
450 1393 525 1448 ruodo
548 1395 671 1450 virtutem
698 1395 821 1466 rusioffim
849 1413 955 1451 suorum

158 1468 345 1524 sauciarentur.
381 1467 455 1524 Nave
478 1470 559 1540 prselii
582 1471 658 1526 unius
680 1475 728 1526 aut
752 1471 856 1526 ulterius
879 1489 955 1528 eren-

80 1571 83 1579 ·
156 1547 188 1598 ta
206 1547 388 1614 pavescerent:
415 1545 473 1614 plus
497 1545 617 1616 impetus,
640 1551 761 1618 majorem
784 1548 956 1604 constantiam

134 1637 234 1690 fipeues
248 1619 368 1674 miseros
392 1638 456 1676 esse.
503 1621 562 1675 iam
585 1622 768 1678 Britannorum
792 1625 869 1680 etism
893 1624 955 1680 deos

156 1694 277 1760 misereri,
297 1695 342 1765 qui
360 1695 505 1750 Romanum
523 1697 614 1752 ducem
635 1699 774 1766 absentem,
797 1701 841 1771 qui
858 1700 956 1772 relega·

156 1774 213 1826 lum
231 1771 258 1826 in
277 1771 326 1826 elia
345 1771 430 1826 insule
449 1773 591 1828 exereitum
610 1774 772 1841 dotiuemntr
799 1776 850 1848 jum
875 1777 954 1847 ipsos.

158 1848 227 1920 quod
245 1847 417 1904 difficillimum
435 1849 520 1915 luerit,
531 1849 679 1907 deliberare.
715 1853 796 1908 Porro
808 1852 835 1908 iu
846 1853 955 1923 rejrrsm

159 1925 186 1980 di
202 1925 315 1982 consiliis
332 1925 499 1996 periculosius
520 1945 576 1982 esso
592 1927 745 1998 deprehendi
761 1947 836 2000 quam
852 1929 955 1985 audere.

118 2001 212 2068 16His
236 2006 313 2073 etque
336 2001 430 2058 talibus
453 2002 562 2058 invicem
580 2003 702 2072 instincti,
721 2004 857 2070 Boudicca,
877 2024 957 2076 geue·

90 2079 196 2134 sucus
212 2080 276 2151 regii
294 2079 395 2147 lemine,
406 2077 478 2144 duce,
492 2081 583 2150 (noque
602 2080 670 2134 enim
689 2097 778 2136 sexum
797 2082 824 2136 in
841 2081 956 2153 imperiis

90 2136 144 2226 ἕξ,
160 2154 326 2223 dsoemunt)
343 2173 474 2225 sumpsere
489 2156 601 2210 universi
618 2155 730 2222 bellum;
747 2175 777 2212 eo
792 2175 893 2228 sparsos
908 2177 956 2228 per

106 2234 136 2275 ⁶¹·
157 2232 261 2288 casteba
275 2231 368 2286 milites
386 2232 533 2298 consectati,
551 2233 704 2303 expugnatis
721 2233 854 2303 presidiis,
871 2233 956 2303 ipsam

155 2306 278 2362 oelouiam
296 2308 410 2362 invasere
426 2313 457 2362 ut
475 2307 561 2363 sedem
576 2309 716 2366 servitutis.
754 2310 810 2366 Nec
827 2310 909 2366 ullum
927 2312 956 2366 in

129 2379 267 2438 senonis
279 2383 382 2437 saevities
395 2401 477 2454 genus
489 2385 576 2440 omisit
588 2385 626 2440 ira
637 2390 664 2442 et
673 2387 787 2442 victoria
823 2387 956 2447 Quodnisi

152 2453 283 2522 Paulinus,
294 2457 398 2524 cognito
412 2460 548 2527 provinciae
563 2465 643 2528 motu,
657 2479 764 2533 propere
781 2462 952 2532 subvenisset,

147 2526 244 2580 amissa
266 2529 400 2586 Britannis
423 2533 505 2600 forct3
537 2555 613 2608 quam
634 2539 713 2594 *unius
741 2539 822 2610 praelii
844 2540 956 2602 tortura

151 2599 231 2654 veteri
252 2601 381 2671 patientis
398 2607 473 2662 restit
494 2609 521 2675 't,
542 2613 701 2680 (tenentibus
722 2615 791 2670 arina
810 2616 949 2689 plerisque,
1018 2643 1025 2653 ·
