<?xml version="1.0" encoding="UTF-8"?>
<!DOCTYPE html PUBLIC "-//W3C//DTD XHTML 1.0 Transitional//EN"
    "http://www.w3.org/TR/xhtml1/DTD/xhtml1-transitional.dtd">
<html xmlns="http://www.w3.org/1999/xhtml" xml:lang="en" lang="en">
 <head>
  <title>
</title>
<meta http-equiv="Content-Type" content="text/html;charset=utf-8" />
  <meta name='ocr-system' content='tesseract 3.04.00' />
  <meta name='ocr-capabilities' content='ocr_page ocr_carea ocr_par ocr_line ocrx_word'/>
</head>
<body>
  <div class='ocr_page' id='page_1' title='image "./opera01tacigoog_0110.png"; bbox 0 0 2096 3038; ppageno 0'>
   <div class='ocr_carea' id='block_1_1' title="bbox 95 57 887 205">
    <p class='ocr_par' dir='ltr' id='par_1_1' title="bbox 95 57 887 205">
     <span class='ocr_line' id='line_1_1' title="bbox 95 57 887 205; baseline -0.011 -59"><span class='ocrx_word' id='word_1_1' title='bbox 95 153 211 205; x_wconf 52' lang='lat' dir='ltr'>mm</span> <span class='ocrx_word' id='word_1_2' title='bbox 234 57 238 78; x_wconf 71' lang='lat'><strong>¹</strong></span> <span class='ocrx_word' id='word_1_3' title='bbox 269 89 522 142; x_wconf 83' lang='lat' dir='ltr'>nrsrorrmaum</span> <span class='ocrx_word' id='word_1_4' title='bbox 539 89 576 142; x_wconf 90' lang='lat'>11.</span> <span class='ocrx_word' id='word_1_5' title='bbox 594 93 698 142; x_wconf 83' lang='lat' dir='ltr'>an-sr.</span> <span class='ocrx_word' id='word_1_6' title='bbox 839 93 887 144; x_wconf 79' lang='lat' dir='ltr'>ree</span> 
     </span>
    </p>
   </div>
   <div class='ocr_carea' id='block_1_2' title="bbox 10 202 997 2569">
    <p class='ocr_par' dir='ltr' id='par_1_2' title="bbox 10 202 997 2569">
     <span class='ocr_line' id='line_1_2' title="bbox 94 202 886 276; baseline 0.003 -17"><span class='ocrx_word' id='word_1_7' title='bbox 94 205 215 260; x_wconf 78' lang='lat' dir='ltr'>Vitellius</span> <span class='ocrx_word' id='word_1_8' title='bbox 238 207 344 260; x_wconf 90' lang='lat' dir='ltr'>utnon</span> <span class='ocrx_word' id='word_1_9' title='bbox 372 205 429 276; x_wconf 89' lang='lat' dir='ltr'>ples</span> <span class='ocrx_word' id='word_1_10' title='bbox 458 203 534 260; x_wconf 84' lang='lat' dir='ltr'>militi</span> <span class='ocrx_word' id='word_1_11' title='bbox 561 203 657 260; x_wconf 83' lang='lat' dir='ltr'>bearet.</span> <span class='ocrx_word' id='word_1_12' title='bbox 694 202 749 259; x_wconf 80' lang='lat' dir='ltr'>eibi</span> <span class='ocrx_word' id='word_1_13' title='bbox 777 203 886 276; x_wconf 86' lang='lat' dir='ltr'>quisque</span> 
     </span>
     <span class='ocr_line' id='line_1_3' title="bbox 94 279 884 352; baseline -0.003 -16"><span class='ocrx_word' id='word_1_14' title='bbox 94 281 210 336; x_wconf 85' lang='lat' dir='ltr'>militiam</span> <span class='ocrx_word' id='word_1_15' title='bbox 224 299 371 352; x_wconf 88' lang='lat' dir='ltr'>sumpsere:</span> <span class='ocrx_word' id='word_1_16' title='bbox 389 281 504 352; x_wconf 80' lang='lat' dir='ltr'>quamvis</span> <span class='ocrx_word' id='word_1_17' title='bbox 521 280 649 352; x_wconf 83' lang='lat' dir='ltr'>indignus,</span> <span class='ocrx_word' id='word_1_18' title='bbox 666 279 689 335; x_wconf 91' lang='lat' dir='ltr'>si</span> <span class='ocrx_word' id='word_1_19' title='bbox 704 279 742 335; x_wconf 83' lang='lat' dir='ltr'>ita</span> <span class='ocrx_word' id='word_1_20' title='bbox 753 280 884 347; x_wconf 72' lang='lat' dir='ltr'><strong>maluerat,</strong></span> 
     </span>
     <span class='ocr_line' id='line_1_4' title="bbox 93 357 885 423; baseline 0 -11"><span class='ocrx_word' id='word_1_21' title='bbox 93 357 197 413; x_wconf 85' lang='lat' dir='ltr'>urbanae</span> <span class='ocrx_word' id='word_1_22' title='bbox 217 357 314 412; x_wconf 78' lang='lat' dir='ltr'>militie</span> <span class='ocrx_word' id='word_1_23' title='bbox 333 357 522 423; x_wconf 81' lang='lat' dir='ltr'>ascribebatur;</span> <span class='ocrx_word' id='word_1_24' title='bbox 552 375 641 412; x_wconf 88' lang='lat' dir='ltr'>rursus</span> <span class='ocrx_word' id='word_1_25' title='bbox 661 357 734 412; x_wconf 88' lang='lat' dir='ltr'>bonis</span> <span class='ocrx_word' id='word_1_26' title='bbox 755 373 885 412; x_wconf 87' lang='lat' dir='ltr'>remanere</span> 
     </span>
     <span class='ocr_line' id='line_1_5' title="bbox 94 431 910 506; baseline 0.005 -18"><span class='ocrx_word' id='word_1_27' title='bbox 94 433 162 488; x_wconf 91' lang='lat' dir='ltr'>inter</span> <span class='ocrx_word' id='word_1_28' title='bbox 172 431 323 506; x_wconf 84' lang='lat' dir='ltr'>legionarios</span> <span class='ocrx_word' id='word_1_29' title='bbox 333 437 378 488; x_wconf 88' lang='lat' dir='ltr'>aut</span> <span class='ocrx_word' id='word_1_30' title='bbox 390 433 470 489; x_wconf 82' lang='lat' dir='ltr'>aleres</span> <span class='ocrx_word' id='word_1_31' title='bbox 481 433 624 488; x_wconf 85' lang='lat' dir='ltr'>volentibus</span> <span class='ocrx_word' id='word_1_32' title='bbox 636 433 794 504; x_wconf 87' lang='lat' dir='ltr'>permissum.</span> <span class='ocrx_word' id='word_1_33' title='bbox 830 433 856 488; x_wconf 91' lang='lat' dir='ltr'>N</span> <span class='ocrx_word' id='word_1_34' title='bbox 857 446 910 492; x_wconf 69' lang='lat' dir='ltr'>ecl</span> 
     </span>
     <span class='ocr_line' id='line_1_6' title="bbox 10 509 887 580; baseline 0.001 -16"><span class='ocrx_word' id='word_1_35' title='bbox 10 530 12 540; x_wconf 64' lang='lat'><strong>¹</strong></span> <span class='ocrx_word' id='word_1_36' title='bbox 95 509 199 564; x_wconf 77' lang='lat' dir='ltr'><strong>deerant</strong></span> <span class='ocrx_word' id='word_1_37' title='bbox 218 510 262 580; x_wconf 91' lang='lat' dir='ltr'>qui</span> <span class='ocrx_word' id='word_1_38' title='bbox 278 509 380 575; x_wconf 87' lang='lat' dir='ltr'>vellent,</span> <span class='ocrx_word' id='word_1_39' title='bbox 399 510 460 565; x_wconf 86' lang='lat' dir='ltr'>fessi</span> <span class='ocrx_word' id='word_1_40' title='bbox 477 509 571 564; x_wconf 83' lang='lat' dir='ltr'>morbis</span> <span class='ocrx_word' id='word_1_41' title='bbox 589 512 615 564; x_wconf 92' lang='lat' dir='ltr'>et</span> <span class='ocrx_word' id='word_1_42' title='bbox 636 509 809 580; x_wconf 79' lang='lat' dir='ltr'>intemperiem</span> <span class='ocrx_word' id='word_1_43' title='bbox 831 509 887 565; x_wconf 77' lang='lat' dir='ltr'>culi</span> 
     </span>
     <span class='ocr_line' id='line_1_7' title="bbox 93 584 886 656; baseline 0 -16"><span class='ocrx_word' id='word_1_44' title='bbox 93 585 249 642; x_wconf 75' lang='lat' dir='ltr'>incusantes.</span> <span class='ocrx_word' id='word_1_45' title='bbox 285 585 389 640; x_wconf 85' lang='lat' dir='ltr'>Robore</span> <span class='ocrx_word' id='word_1_46' title='bbox 415 589 502 641; x_wconf 88' lang='lat' dir='ltr'>tamen</span> <span class='ocrx_word' id='word_1_47' title='bbox 529 584 671 656; x_wconf 77' lang='lat' dir='ltr'>legionibus</span> <span class='ocrx_word' id='word_1_48' title='bbox 701 585 797 656; x_wconf 89' lang='lat' dir='ltr'>alisque</span> <span class='ocrx_word' id='word_1_49' title='bbox 827 585 886 640; x_wconf 85' lang='lat' dir='ltr'>eub-</span> 
     </span>
     <span class='ocr_line' id='line_1_8' title="bbox 93 663 886 734; baseline 0 -16"><span class='ocrx_word' id='word_1_50' title='bbox 93 666 185 730; x_wconf 88' lang='lat' dir='ltr'>tracta,</span> <span class='ocrx_word' id='word_1_51' title='bbox 209 664 357 719; x_wconf 82' lang='lat' dir='ltr'>convulsum</span> <span class='ocrx_word' id='word_1_52' title='bbox 381 668 522 718; x_wconf 83' lang='lat' dir='ltr'>castrorum</span> <span class='ocrx_word' id='word_1_53' title='bbox 546 663 631 728; x_wconf 89' lang='lat' dir='ltr'>decus,</span> <span class='ocrx_word' id='word_1_54' title='bbox 656 663 750 734; x_wconf 82' lang='lat' dir='ltr'>viginti</span> <span class='ocrx_word' id='word_1_55' title='bbox 775 663 886 718; x_wconf 87' lang='lat' dir='ltr'>millibus</span> 
     </span>
     <span class='ocr_line' id='line_1_9' title="bbox 94 739 750 811; baseline -0.002 -16"><span class='ocrx_word' id='word_1_56' title='bbox 94 743 179 795; x_wconf 89' lang='lat' dir='ltr'>eteto</span> <span class='ocrx_word' id='word_1_57' title='bbox 191 741 308 796; x_wconf 84' lang='lat' dir='ltr'>exercitu</span> <span class='ocrx_word' id='word_1_58' title='bbox 319 740 451 811; x_wconf 77' lang='lat' dir='ltr'>permixtis</span> <span class='ocrx_word' id='word_1_59' title='bbox 463 740 544 810; x_wconf 82' lang='lat' dir='ltr'>magis</span> <span class='ocrx_word' id='word_1_60' title='bbox 557 755 632 809; x_wconf 88' lang='lat' dir='ltr'>quam</span> <span class='ocrx_word' id='word_1_61' title='bbox 644 739 750 795; x_wconf 54' lang='lat' dir='ltr'>clectis?</span> 
     </span>
     <span class='ocr_line' id='line_1_10' title="bbox 131 815 911 887; baseline 0.006 -17"><span class='ocrx_word' id='word_1_62' title='bbox 131 816 304 871; x_wconf 72' lang='lat' dir='ltr'>concionante</span> <span class='ocrx_word' id='word_1_63' title='bbox 335 816 445 881; x_wconf 88' lang='lat' dir='ltr'>Vitellio,</span> <span class='ocrx_word' id='word_1_64' title='bbox 482 816 644 886; x_wconf 85' lang='lat' dir='ltr'>postulantur</span> <span class='ocrx_word' id='word_1_65' title='bbox 673 815 706 870; x_wconf 87' lang='lat' dir='ltr'>ad</span> <span class='ocrx_word' id='word_1_66' title='bbox 735 815 911 887; x_wconf 74' lang='lat' dir='ltr'>suppliciums</span> 
     </span>
     <span class='ocr_line' id='line_1_11' title="bbox 10 891 887 966; baseline 0.001 -19"><span class='ocrx_word' id='word_1_67' title='bbox 10 951 11 966; x_wconf 14' lang='grc' dir='ltr'><strong>χ</strong></span> <span class='ocrx_word' id='word_1_68' title='bbox 95 893 225 948; x_wconf 82' lang='lat' dir='ltr'>Asiaticus</span> <span class='ocrx_word' id='word_1_69' title='bbox 237 897 263 947; x_wconf 91' lang='lat' dir='ltr'>et</span> <span class='ocrx_word' id='word_1_70' title='bbox 275 892 377 947; x_wconf 80' lang='lat' dir='ltr'>Flavius</span> <span class='ocrx_word' id='word_1_71' title='bbox 389 897 416 948; x_wconf 93' lang='lat' dir='ltr'>et</span> <span class='ocrx_word' id='word_1_72' title='bbox 427 893 545 956; x_wconf 83' lang='lat' dir='ltr'>Rufinus,</span> <span class='ocrx_word' id='word_1_73' title='bbox 564 891 641 947; x_wconf 86' lang='lat' dir='ltr'>duces</span> <span class='ocrx_word' id='word_1_74' title='bbox 656 892 799 958; x_wconf 79' lang='lat' dir='ltr'>Galliarum,</span> <span class='ocrx_word' id='word_1_75' title='bbox 819 893 887 964; x_wconf 89' lang='lat' dir='ltr'>quod</span> 
     </span>
     <span class='ocr_line' id='line_1_12' title="bbox 95 967 997 1040; baseline 0 -16"><span class='ocrx_word' id='word_1_76' title='bbox 95 988 142 1040; x_wconf 91' lang='lat' dir='ltr'>pro</span> <span class='ocrx_word' id='word_1_77' title='bbox 155 969 263 1025; x_wconf 78' lang='lat' dir='ltr'>Vindice</span> <span class='ocrx_word' id='word_1_78' title='bbox 274 969 419 1024; x_wconf 70' lang='lat' dir='ltr'>bellassent.</span> <span class='ocrx_word' id='word_1_79' title='bbox 456 969 513 1023; x_wconf 90' lang='lat' dir='ltr'>Nec</span> <span class='ocrx_word' id='word_1_80' title='bbox 525 967 657 1024; x_wconf 73' lang='lat' dir='ltr'>coercebat</span> <span class='ocrx_word' id='word_1_81' title='bbox 670 969 799 1039; x_wconf 84' lang='lat' dir='ltr'>ejusmodi</span> <span class='ocrx_word' id='word_1_82' title='bbox 812 987 886 1024; x_wconf 85' lang='lat' dir='ltr'>voces</span> <span class='ocrx_word' id='word_1_83' title='bbox 994 1011 997 1018; x_wconf 86' lang='lat'>.</span> 
     </span>
     <span class='ocr_line' id='line_1_13' title="bbox 96 1044 885 1116; baseline 0 -16"><span class='ocrx_word' id='word_1_84' title='bbox 96 1045 233 1100; x_wconf 86' lang='lat' dir='ltr'>Vitellius:</span> <span class='ocrx_word' id='word_1_85' title='bbox 269 1063 347 1116; x_wconf 88' lang='lat' dir='ltr'>super</span> <span class='ocrx_word' id='word_1_86' title='bbox 369 1044 471 1099; x_wconf 89' lang='lat' dir='ltr'>insitam</span> <span class='ocrx_word' id='word_1_87' title='bbox 493 1045 617 1099; x_wconf 86' lang='lat' dir='ltr'>marcenti</span> <span class='ocrx_word' id='word_1_88' title='bbox 646 1044 728 1098; x_wconf 85' lang='lat' dir='ltr'>animo</span> <span class='ocrx_word' id='word_1_89' title='bbox 752 1045 885 1116; x_wconf 87' lang='lat' dir='ltr'>ignaviam,</span> 
     </span>
     <span class='ocr_line' id='line_1_14' title="bbox 96 1119 885 1191; baseline -0.004 -13"><span class='ocrx_word' id='word_1_90' title='bbox 96 1122 212 1178; x_wconf 75' lang='lat' dir='ltr'>cenamus</span> <span class='ocrx_word' id='word_1_91' title='bbox 233 1121 282 1177; x_wconf 87' lang='lat' dir='ltr'>sibi</span> <span class='ocrx_word' id='word_1_92' title='bbox 299 1122 395 1176; x_wconf 82' lang='lat' dir='ltr'>instare</span> <span class='ocrx_word' id='word_1_93' title='bbox 413 1119 567 1184; x_wconf 83' lang='lat' dir='ltr'>donativum,</span> <span class='ocrx_word' id='word_1_94' title='bbox 588 1124 616 1174; x_wconf 89' lang='lat' dir='ltr'>et</span> <span class='ocrx_word' id='word_1_95' title='bbox 636 1119 724 1176; x_wconf 86' lang='lat' dir='ltr'>deesse</span> <span class='ocrx_word' id='word_1_96' title='bbox 746 1121 885 1191; x_wconf 82' lang='lat' dir='ltr'>pecuniam,</span> 
     </span>
     <span class='ocr_line' id='line_1_15' title="bbox 97 1195 911 1268; baseline 0 -16"><span class='ocrx_word' id='word_1_97' title='bbox 97 1198 182 1253; x_wconf 86' lang='lat' dir='ltr'>omnin</span> <span class='ocrx_word' id='word_1_98' title='bbox 198 1198 248 1253; x_wconf 87' lang='lat' dir='ltr'>alia</span> <span class='ocrx_word' id='word_1_99' title='bbox 260 1197 336 1253; x_wconf 87' lang='lat' dir='ltr'>militi</span> <span class='ocrx_word' id='word_1_100' title='bbox 352 1195 514 1268; x_wconf 85' lang='lat' dir='ltr'>largiebatur.</span> <span class='ocrx_word' id='word_1_101' title='bbox 550 1196 650 1252; x_wconf 85' lang='lat' dir='ltr'>Liberti</span> <span class='ocrx_word' id='word_1_102' title='bbox 667 1196 809 1268; x_wconf 82' lang='lat' dir='ltr'>principum</span> <span class='ocrx_word' id='word_1_103' title='bbox 828 1213 911 1259; x_wconf 78' lang='lat' dir='ltr'>een-4</span> 
     </span>
     <span class='ocr_line' id='line_1_16' title="bbox 96 1271 885 1345; baseline 0 -17"><span class='ocrx_word' id='word_1_104' title='bbox 96 1274 164 1330; x_wconf 83' lang='lat' dir='ltr'>lerre</span> <span class='ocrx_word' id='word_1_105' title='bbox 192 1291 239 1345; x_wconf 88' lang='lat' dir='ltr'>pro</span> <span class='ocrx_word' id='word_1_106' title='bbox 262 1291 367 1328; x_wconf 89' lang='lat' dir='ltr'>numero</span> <span class='ocrx_word' id='word_1_107' title='bbox 391 1273 581 1343; x_wconf 86' lang='lat' dir='ltr'>mancipiorum,</span> <span class='ocrx_word' id='word_1_108' title='bbox 604 1276 635 1328; x_wconf 91' lang='lat' dir='ltr'>ut</span> <span class='ocrx_word' id='word_1_109' title='bbox 657 1271 791 1335; x_wconf 87' lang='lat' dir='ltr'>tributum,</span> <span class='ocrx_word' id='word_1_110' title='bbox 812 1272 885 1344; x_wconf 89' lang='lat' dir='ltr'>jussi.</span> 
     </span>
     <span class='ocr_line' id='line_1_17' title="bbox 96 1349 885 1422; baseline -0.003 -16"><span class='ocrx_word' id='word_1_111' title='bbox 96 1351 168 1422; x_wconf 86' lang='lat' dir='ltr'>Ipse,</span> <span class='ocrx_word' id='word_1_112' title='bbox 194 1351 248 1406; x_wconf 84' lang='lat' dir='ltr'>sola</span> <span class='ocrx_word' id='word_1_113' title='bbox 270 1349 391 1421; x_wconf 91' lang='lat' dir='ltr'>perdendi</span> <span class='ocrx_word' id='word_1_114' title='bbox 414 1367 484 1417; x_wconf 84' lang='lat' dir='ltr'>cura,</span> <span class='ocrx_word' id='word_1_115' title='bbox 506 1349 607 1404; x_wconf 86' lang='lat' dir='ltr'>stabula</span> <span class='ocrx_word' id='word_1_116' title='bbox 629 1349 724 1421; x_wconf 79' lang='lat' dir='ltr'>aurigis</span> <span class='ocrx_word' id='word_1_117' title='bbox 747 1353 885 1415; x_wconf 85' lang='lat' dir='ltr'>exstruere,</span> 
     </span>
     <span class='ocr_line' id='line_1_18' title="bbox 97 1426 885 1498; baseline -0.001 -15"><span class='ocrx_word' id='word_1_118' title='bbox 97 1427 192 1483; x_wconf 89' lang='lat' dir='ltr'>circum</span> <span class='ocrx_word' id='word_1_119' title='bbox 216 1427 384 1498; x_wconf 74' lang='lat' dir='ltr'>gladiatorum</span> <span class='ocrx_word' id='word_1_120' title='bbox 413 1426 573 1497; x_wconf 75' lang='lat' dir='ltr'>feretrumque</span> <span class='ocrx_word' id='word_1_121' title='bbox 597 1427 747 1498; x_wconf 75' lang='lat' dir='ltr'>spectaculis</span> <span class='ocrx_word' id='word_1_122' title='bbox 776 1427 885 1498; x_wconf 83' lang='lat' dir='ltr'>opplere,</span> 
     </span>
     <span class='ocr_line' id='line_1_19' title="bbox 96 1503 887 1576; baseline -0.004 -16"><span class='ocrx_word' id='word_1_123' title='bbox 96 1507 219 1574; x_wconf 86' lang='lat' dir='ltr'>tanquam</span> <span class='ocrx_word' id='word_1_124' title='bbox 252 1504 280 1558; x_wconf 94' lang='lat' dir='ltr'>in</span> <span class='ocrx_word' id='word_1_125' title='bbox 314 1521 412 1559; x_wconf 88' lang='lat' dir='ltr'>summa</span> <span class='ocrx_word' id='word_1_126' title='bbox 446 1503 600 1559; x_wconf 87' lang='lat' dir='ltr'>abundantia</span> <span class='ocrx_word' id='word_1_127' title='bbox 634 1505 747 1576; x_wconf 83' lang='lat' dir='ltr'>pecuniae</span> <span class='ocrx_word' id='word_1_128' title='bbox 775 1503 887 1558; x_wconf 89' lang='lat' dir='ltr'>illudere.</span> 
     </span>
     <span class='ocr_line' id='line_1_20' title="bbox 97 1580 933 1648; baseline 0 -12"><span class='ocrx_word' id='word_1_129' title='bbox 97 1581 170 1642; x_wconf 77' lang='lat' dir='ltr'>Quin</span> <span class='ocrx_word' id='word_1_130' title='bbox 185 1585 213 1636; x_wconf 95' lang='lat' dir='ltr'>et</span> <span class='ocrx_word' id='word_1_131' title='bbox 228 1581 337 1636; x_wconf 83' lang='lat' dir='ltr'>natalem</span> <span class='ocrx_word' id='word_1_132' title='bbox 355 1581 454 1636; x_wconf 88' lang='lat' dir='ltr'>Vitellii</span> <span class='ocrx_word' id='word_1_133' title='bbox 465 1581 531 1637; x_wconf 88' lang='lat' dir='ltr'>diem</span> <span class='ocrx_word' id='word_1_134' title='bbox 544 1582 645 1638; x_wconf 84' lang='lat' dir='ltr'>Caecina</span> <span class='ocrx_word' id='word_1_135' title='bbox 656 1601 685 1637; x_wconf 90' lang='lat' dir='ltr'>ac</span> <span class='ocrx_word' id='word_1_136' title='bbox 697 1581 799 1648; x_wconf 87' lang='lat' dir='ltr'>Valens,</span> <span class='ocrx_word' id='word_1_137' title='bbox 811 1580 887 1636; x_wconf 82' lang='lat' dir='ltr'>editis</span> <span class='ocrx_word' id='word_1_138' title='bbox 897 1591 933 1643; x_wconf 85' lang='lat'>95</span> 
     </span>
     <span class='ocr_line' id='line_1_21' title="bbox 96 1657 888 1730; baseline -0.001 -18"><span class='ocrx_word' id='word_1_139' title='bbox 96 1661 153 1713; x_wconf 85' lang='lat' dir='ltr'>tota</span> <span class='ocrx_word' id='word_1_140' title='bbox 176 1657 240 1712; x_wconf 85' lang='lat' dir='ltr'>urbe</span> <span class='ocrx_word' id='word_1_141' title='bbox 262 1657 365 1712; x_wconf 75' lang='lat' dir='ltr'>meatim</span> <span class='ocrx_word' id='word_1_142' title='bbox 388 1657 576 1730; x_wconf 80' lang='lat' dir='ltr'>gladiatoribus,</span> <span class='ocrx_word' id='word_1_143' title='bbox 601 1659 766 1722; x_wconf 81' lang='lat' dir='ltr'>celebravere,</span> <span class='ocrx_word' id='word_1_144' title='bbox 789 1657 888 1728; x_wconf 83' lang='lat' dir='ltr'>ingenti</span> 
     </span>
     <span class='ocr_line' id='line_1_22' title="bbox 97 1733 927 1805; baseline -0.001 -17"><span class='ocrx_word' id='word_1_145' title='bbox 97 1737 191 1805; x_wconf 87' lang='lat' dir='ltr'>paratu</span> <span class='ocrx_word' id='word_1_146' title='bbox 207 1738 235 1788; x_wconf 91' lang='lat' dir='ltr'>et</span> <span class='ocrx_word' id='word_1_147' title='bbox 252 1738 311 1788; x_wconf 90' lang='lat' dir='ltr'>ante</span> <span class='ocrx_word' id='word_1_148' title='bbox 329 1733 400 1788; x_wconf 86' lang='lat' dir='ltr'>illum</span> <span class='ocrx_word' id='word_1_149' title='bbox 412 1734 479 1789; x_wconf 89' lang='lat' dir='ltr'>diem</span> <span class='ocrx_word' id='word_1_150' title='bbox 490 1735 600 1790; x_wconf 90' lang='lat' dir='ltr'>insolito.</span> <span class='ocrx_word' id='word_1_151' title='bbox 636 1736 737 1792; x_wconf 81' lang='lat' dir='ltr'>Laetum</span> <span class='ocrx_word' id='word_1_152' title='bbox 749 1733 887 1789; x_wconf 87' lang='lat' dir='ltr'>foedissime</span> <span class='ocrx_word' id='word_1_153' title='bbox 897 1743 911 1788; x_wconf 82' lang='lat'>2</span> <span class='ocrx_word' id='word_1_154' title='bbox 923 1757 927 1764; x_wconf 92' lang='lat'>·</span> 
     </span>
     <span class='ocr_line' id='line_1_23' title="bbox 97 1810 887 1884; baseline -0.003 -18"><span class='ocrx_word' id='word_1_155' title='bbox 97 1811 204 1880; x_wconf 76' lang='lat' dir='ltr'>cuique,</span> <span class='ocrx_word' id='word_1_156' title='bbox 223 1811 291 1881; x_wconf 85' lang='lat' dir='ltr'>apud</span> <span class='ocrx_word' id='word_1_157' title='bbox 313 1810 393 1866; x_wconf 85' lang='lat' dir='ltr'>bones</span> <span class='ocrx_word' id='word_1_158' title='bbox 416 1811 518 1867; x_wconf 87' lang='lat' dir='ltr'>invidiae</span> <span class='ocrx_word' id='word_1_159' title='bbox 541 1813 599 1880; x_wconf 86' lang='lat' dir='ltr'>suit,</span> <span class='ocrx_word' id='word_1_160' title='bbox 619 1811 687 1884; x_wconf 88' lang='lat' dir='ltr'>quod</span> <span class='ocrx_word' id='word_1_161' title='bbox 704 1811 843 1866; x_wconf 86' lang='lat' dir='ltr'>exstructis</span> <span class='ocrx_word' id='word_1_162' title='bbox 860 1810 887 1864; x_wconf 87' lang='lat' dir='ltr'>in</span> 
     </span>
     <span class='ocr_line' id='line_1_24' title="bbox 97 1887 913 1957; baseline -0.002 -15"><span class='ocrx_word' id='word_1_163' title='bbox 97 1905 187 1957; x_wconf 91' lang='lat' dir='ltr'>eampo</span> <span class='ocrx_word' id='word_1_164' title='bbox 210 1887 306 1943; x_wconf 86' lang='lat' dir='ltr'>Martio</span> <span class='ocrx_word' id='word_1_165' title='bbox 330 1888 380 1942; x_wconf 87' lang='lat' dir='ltr'>aris</span> <span class='ocrx_word' id='word_1_166' title='bbox 409 1888 512 1943; x_wconf 83' lang='lat' dir='ltr'>inferias</span> <span class='ocrx_word' id='word_1_167' title='bbox 541 1889 637 1943; x_wconf 88' lang='lat' dir='ltr'>Neroni</span> <span class='ocrx_word' id='word_1_168' title='bbox 662 1887 772 1943; x_wconf 83' lang='lat' dir='ltr'>fecisset.</span> <span class='ocrx_word' id='word_1_169' title='bbox 809 1887 913 1950; x_wconf 64' lang='lat' dir='ltr'>Cassa</span> 
     </span>
     <span class='ocr_line' id='line_1_25' title="bbox 97 1961 888 2034; baseline -0.003 -17"><span class='ocrx_word' id='word_1_170' title='bbox 97 1963 199 2034; x_wconf 91' lang='lat' dir='ltr'>publice</span> <span class='ocrx_word' id='word_1_171' title='bbox 217 1964 326 2019; x_wconf 78' lang='lat' dir='ltr'>victime</span> <span class='ocrx_word' id='word_1_172' title='bbox 340 1968 522 2034; x_wconf 79' lang='lat' dir='ltr'>cremataeque;</span> <span class='ocrx_word' id='word_1_173' title='bbox 541 1964 621 2018; x_wconf 87' lang='lat' dir='ltr'>lacem</span> <span class='ocrx_word' id='word_1_174' title='bbox 633 1963 789 2033; x_wconf 80' lang='lat' dir='ltr'>Augustales</span> <span class='ocrx_word' id='word_1_175' title='bbox 801 1961 888 2016; x_wconf 91' lang='lat' dir='ltr'>subdi·</span> 
     </span>
     <span class='ocr_line' id='line_1_26' title="bbox 97 2037 889 2110; baseline -0.005 -16"><span class='ocrx_word' id='word_1_176' title='bbox 97 2039 175 2094; x_wconf 86' lang='lat' dir='ltr'>dere:</span> <span class='ocrx_word' id='word_1_177' title='bbox 200 2040 268 2110; x_wconf 89' lang='lat' dir='ltr'>quod</span> <span class='ocrx_word' id='word_1_178' title='bbox 285 2041 462 2104; x_wconf 88' lang='lat' dir='ltr'>sacerdotium,</span> <span class='ocrx_word' id='word_1_179' title='bbox 481 2043 511 2094; x_wconf 90' lang='lat' dir='ltr'>ut</span> <span class='ocrx_word' id='word_1_180' title='bbox 529 2039 654 2094; x_wconf 88' lang='lat' dir='ltr'>Romulus</span> <span class='ocrx_word' id='word_1_181' title='bbox 675 2039 749 2093; x_wconf 81' lang='lat' dir='ltr'>Tatio</span> <span class='ocrx_word' id='word_1_182' title='bbox 769 2037 832 2106; x_wconf 91' lang='lat' dir='ltr'>regi,</span> <span class='ocrx_word' id='word_1_183' title='bbox 850 2039 889 2091; x_wconf 86' lang='lat' dir='ltr'>ita</span> 
     </span>
     <span class='ocr_line' id='line_1_27' title="bbox 98 2113 913 2187; baseline -0.002 -17"><span class='ocrx_word' id='word_1_184' title='bbox 98 2116 185 2170; x_wconf 81' lang='lat' dir='ltr'>Caesar</span> <span class='ocrx_word' id='word_1_185' title='bbox 196 2115 313 2171; x_wconf 79' lang='lat' dir='ltr'>Tiberius</span> <span class='ocrx_word' id='word_1_186' title='bbox 324 2117 342 2170; x_wconf 88' lang='lat' dir='ltr'><strong>J</strong></span> <span class='ocrx_word' id='word_1_187' title='bbox 342 2117 400 2170; x_wconf 79' lang='lat' dir='ltr'>ulim</span> <span class='ocrx_word' id='word_1_188' title='bbox 412 2116 483 2187; x_wconf 85' lang='lat' dir='ltr'>genti</span> <span class='ocrx_word' id='word_1_189' title='bbox 495 2115 611 2170; x_wconf 85' lang='lat' dir='ltr'>secrevit.</span> <span class='ocrx_word' id='word_1_190' title='bbox 648 2113 770 2169; x_wconf 87' lang='lat' dir='ltr'>Nondum</span> <span class='ocrx_word' id='word_1_191' title='bbox 782 2117 913 2183; x_wconf 74' lang='lat' dir='ltr'>quartust</span> 
     </span>
     <span class='ocr_line' id='line_1_28' title="bbox 97 2189 889 2260; baseline -0.006 -13"><span class='ocrx_word' id='word_1_192' title='bbox 97 2209 114 2247; x_wconf 77' lang='lat' dir='ltr'>a</span> <span class='ocrx_word' id='word_1_193' title='bbox 130 2192 238 2246; x_wconf 85' lang='lat' dir='ltr'>victoria</span> <span class='ocrx_word' id='word_1_194' title='bbox 253 2193 355 2258; x_wconf 86' lang='lat' dir='ltr'>mensis,</span> <span class='ocrx_word' id='word_1_195' title='bbox 373 2197 400 2247; x_wconf 93' lang='lat' dir='ltr'>et</span> <span class='ocrx_word' id='word_1_196' title='bbox 416 2192 522 2247; x_wconf 89' lang='lat' dir='ltr'>libertus</span> <span class='ocrx_word' id='word_1_197' title='bbox 536 2191 642 2256; x_wconf 87' lang='lat' dir='ltr'>Vitellii,</span> <span class='ocrx_word' id='word_1_198' title='bbox 661 2190 798 2254; x_wconf 82' lang='lat' dir='ltr'>Asiaticus,</span> <span class='ocrx_word' id='word_1_199' title='bbox 815 2189 889 2260; x_wconf 75' lang='lat' dir='ltr'>Poly·</span> 
     </span>
     <span class='ocr_line' id='line_1_29' title="bbox 97 2265 888 2337; baseline -0.003 -13"><span class='ocrx_word' id='word_1_200' title='bbox 97 2269 181 2334; x_wconf 87' lang='lat' dir='ltr'>clitos,</span> <span class='ocrx_word' id='word_1_201' title='bbox 200 2268 342 2334; x_wconf 82' lang='lat' dir='ltr'>Patrobios,</span> <span class='ocrx_word' id='word_1_202' title='bbox 361 2272 388 2323; x_wconf 90' lang='lat' dir='ltr'>et</span> <span class='ocrx_word' id='word_1_203' title='bbox 408 2272 495 2323; x_wconf 87' lang='lat' dir='ltr'>vetera</span> <span class='ocrx_word' id='word_1_204' title='bbox 513 2267 628 2322; x_wconf 90' lang='lat' dir='ltr'>odiorum</span> <span class='ocrx_word' id='word_1_205' title='bbox 644 2267 746 2322; x_wconf 87' lang='lat' dir='ltr'>nemina</span> <span class='ocrx_word' id='word_1_206' title='bbox 763 2265 888 2337; x_wconf 83' lang='lat' dir='ltr'>aequabat.</span> 
     </span>
     <span class='ocr_line' id='line_1_30' title="bbox 97 2344 889 2416; baseline -0.003 -16"><span class='ocrx_word' id='word_1_207' title='bbox 97 2345 183 2400; x_wconf 90' lang='lat' dir='ltr'>Nemo</span> <span class='ocrx_word' id='word_1_208' title='bbox 191 2345 218 2400; x_wconf 89' lang='lat' dir='ltr'>in</span> <span class='ocrx_word' id='word_1_209' title='bbox 229 2345 273 2400; x_wconf 90' lang='lat' dir='ltr'>illa</span> <span class='ocrx_word' id='word_1_210' title='bbox 284 2346 342 2400; x_wconf 88' lang='lat' dir='ltr'>aula</span> <span class='ocrx_word' id='word_1_211' title='bbox 349 2345 477 2416; x_wconf 83' lang='lat' dir='ltr'>probitate</span> <span class='ocrx_word' id='word_1_212' title='bbox 487 2348 531 2400; x_wconf 87' lang='lat' dir='ltr'>aut</span> <span class='ocrx_word' id='word_1_213' title='bbox 538 2344 664 2400; x_wconf 87' lang='lat' dir='ltr'>industria</span> <span class='ocrx_word' id='word_1_214' title='bbox 675 2344 796 2410; x_wconf 82' lang='lat' dir='ltr'>certarit;</span> <span class='ocrx_word' id='word_1_215' title='bbox 809 2362 889 2398; x_wconf 90' lang='lat' dir='ltr'>uuum</span> 
     </span>
     <span class='ocr_line' id='line_1_31' title="bbox 97 2420 889 2492; baseline -0.003 -16"><span class='ocrx_word' id='word_1_216' title='bbox 97 2421 284 2492; x_wconf 86' lang='lat' dir='ltr'>adpetentiam</span> <span class='ocrx_word' id='word_1_217' title='bbox 299 2422 356 2486; x_wconf 86' lang='lat' dir='ltr'>iter,</span> <span class='ocrx_word' id='word_1_218' title='bbox 373 2420 486 2492; x_wconf 86' lang='lat' dir='ltr'>prodigis</span> <span class='ocrx_word' id='word_1_219' title='bbox 501 2421 581 2492; x_wconf 91' lang='lat' dir='ltr'>epulis</span> <span class='ocrx_word' id='word_1_220' title='bbox 594 2424 620 2476; x_wconf 90' lang='lat' dir='ltr'>et</span> <span class='ocrx_word' id='word_1_221' title='bbox 637 2425 741 2492; x_wconf 88' lang='lat' dir='ltr'>sumptu</span> <span class='ocrx_word' id='word_1_222' title='bbox 758 2437 889 2492; x_wconf 86' lang='lat' dir='ltr'>ganeaque</span> 
     </span>
     <span class='ocr_line' id='line_1_32' title="bbox 98 2495 911 2569; baseline 0.002 -16"><span class='ocrx_word' id='word_1_223' title='bbox 98 2499 194 2554; x_wconf 83' lang='lat' dir='ltr'>satiare</span> <span class='ocrx_word' id='word_1_224' title='bbox 217 2498 380 2569; x_wconf 85' lang='lat' dir='ltr'>inexplebiles</span> <span class='ocrx_word' id='word_1_225' title='bbox 404 2497 503 2552; x_wconf 89' lang='lat' dir='ltr'>Vitellii</span> <span class='ocrx_word' id='word_1_226' title='bbox 526 2497 650 2554; x_wconf 88' lang='lat' dir='ltr'>libidines.</span> <span class='ocrx_word' id='word_1_227' title='bbox 704 2499 765 2569; x_wconf 89' lang='lat' dir='ltr'>Ipse</span> <span class='ocrx_word' id='word_1_228' title='bbox 788 2495 911 2555; x_wconf 81' lang='lat' dir='ltr'>abmdes</span> 
     </span>
    </p>
   </div>
   <div class='ocr_carea' id='block_1_3' title="bbox 97 2571 946 2724">
    <p class='ocr_par' dir='ltr' id='par_1_3' title="bbox 97 2571 946 2724">
     <span class='ocr_line' id='line_1_33' title="bbox 97 2571 926 2646; baseline -0.006 -17"><span class='ocrx_word' id='word_1_229' title='bbox 97 2586 171 2629; x_wconf 82' lang='lat' dir='ltr'>ratus</span> <span class='ocrx_word' id='word_1_230' title='bbox 189 2575 211 2629; x_wconf 88' lang='lat' dir='ltr'>ei</span> <span class='ocrx_word' id='word_1_231' title='bbox 228 2575 396 2646; x_wconf 71' lang='lat' dir='ltr'>presentibus</span> <span class='ocrx_word' id='word_1_232' title='bbox 413 2574 548 2640; x_wconf 83' lang='lat' dir='ltr'>frueretur,</span> <span class='ocrx_word' id='word_1_233' title='bbox 567 2593 614 2630; x_wconf 92' lang='lat' dir='ltr'>nee</span> <span class='ocrx_word' id='word_1_234' title='bbox 631 2575 658 2630; x_wconf 91' lang='lat' dir='ltr'>in</span> <span class='ocrx_word' id='word_1_235' title='bbox 675 2574 775 2646; x_wconf 91' lang='lat' dir='ltr'>longius</span> <span class='ocrx_word' id='word_1_236' title='bbox 789 2571 890 2628; x_wconf 83' lang='lat' dir='ltr'>oonsul-</span> <span class='ocrx_word' id='word_1_237' title='bbox 924 2583 926 2588; x_wconf 88' lang='grc'><strong><em>·</em></strong></span> 
     </span>
     <span class='ocr_line' id='line_1_34' title="bbox 98 2647 946 2724; baseline -0.013 -12"><span class='ocrx_word' id='word_1_238' title='bbox 98 2653 166 2718; x_wconf 72' lang='lat' dir='ltr'>tana,</span> <span class='ocrx_word' id='word_1_239' title='bbox 190 2651 278 2708; x_wconf 83' lang='lat' dir='ltr'>novies</span> <span class='ocrx_word' id='word_1_240' title='bbox 300 2651 392 2708; x_wconf 87' lang='lat' dir='ltr'>millies</span> <span class='ocrx_word' id='word_1_241' title='bbox 414 2651 561 2708; x_wconf 84' lang='lat' dir='ltr'>sestertium</span> <span class='ocrx_word' id='word_1_242' title='bbox 581 2651 739 2724; x_wconf 87' lang='lat' dir='ltr'>paucissimis</span> <span class='ocrx_word' id='word_1_243' title='bbox 758 2647 889 2705; x_wconf 83' lang='lat' dir='ltr'>mansibus</span> <span class='ocrx_word' id='word_1_244' title='bbox 944 2667 946 2672; x_wconf 64' lang='grc'>’</span> 
     </span>
    </p>
   </div>
   <div class='ocr_carea' id='block_1_4' title="bbox 0 0 1057 3038">
    <p class='ocr_par' dir='ltr' id='par_1_4' title="bbox 0 0 1057 3038">
     <span class='ocr_line' id='line_1_35' title="bbox 0 0 1057 3038; baseline 0 0"><span class='ocrx_word' id='word_1_245' title='bbox 0 0 1057 3038; x_wconf 95' lang='lat' dir='ltr'> </span> 
     </span>
    </p>
   </div>
  </div>
 </body>
</html>
