2086 3026
95 207 151 247 m
161 207 192 248 ⁶9·
258 143 510 195 fflsroumnuur
527 143 572 194 1v.
590 146 692 195 se-uu
831 145 876 198 1⁷9

91 207 232 328 presididm
249 257 374 324 eohortes,
391 258 462 313 velut
477 255 559 311 multa
575 273 637 328 paee
654 254 754 326 ingredi
771 257 876 328 aeeepit,

91 351 172 388 rarum
190 333 257 404 apud
272 335 344 406 signa
358 334 472 402 militem,
493 333 607 388 armatu
623 331 752 400 vehiculis,
771 337 877 388 eunotos

91 409 189 465 lieentia
200 427 285 481 vagos,
299 411 453 482 compositus
465 411 569 475 inuadit,
582 409 719 480 premissis
731 409 775 480 qui
786 413 878 480 pontes

91 487 223 541 striarum
235 491 345 558 augusta
355 487 502 542 insiderent.
535 489 683 558 Pugnatum
691 486 768 558 longo
778 487 899 559 agminee

91 566 117 618 et
133 563 229 618 ineerta
246 565 341 630 Marte,
357 564 437 619 donee
452 564 567 635 prelium
584 581 635 618 nox
652 563 789 618 dirimeret.
827 563 877 618 Oo-

89 639 173 694 lrortes
197 639 337 696 Geldubam
359 659 500 711 perrexere,
520 641 689 709 manentibus,
712 645 742 696 ut
766 641 876 706 fuerant,

88 717 185 783 eastris,
199 735 255 787 quae
271 717 416 772 relictorum
433 717 484 772 illio
500 717 609 772 militum
625 717 742 787 prasidio
758 717 877 773 teneban-

89 795 137 847 tur.
173 793 235 847 Non
246 797 300 848 erat
313 792 418 848 dubium
426 797 548 864 quantum
560 794 588 848 in
599 811 716 863 regressu
723 793 877 849 discriminis

89 869 230 924 adeundum
247 870 315 924 foret
333 869 560 924 frumentatoribus
578 869 677 923 onustis
694 870 875 940 perculsisque.
939 921 941 927 .

88 945 167 999 Addit
184 945 310 999 exercitui
326 961 372 998 suo
388 945 488 999 Voeula
504 945 572 999 mille
587 945 698 1000 delentos
714 963 729 999 e
746 946 836 1015 quinta
851 949 901 1000 eto

88 1020 284 1090 quintadecima
294 1020 436 1089 legionibus
448 1021 516 1089 apud
535 1021 628 1076 Vetera
642 1021 760 1085 obsessis,
773 1021 879 1075 indomi-

88 1099 144 1150 tum
156 1095 262 1150 militem
274 1099 300 1150 et
313 1095 418 1150 ducibus
425 1097 560 1150 insensum.
595 1097 685 1150 Plures
698 1097 877 1167 quamjussum

89 1174 144 1227 erat
163 1171 271 1242 profesti
287 1171 368 1242 palam
382 1173 410 1226 in
429 1173 528 1244 agmine
545 1171 687 1227 fremebant
700 1190 753 1227 non
769 1189 797 1226 se
812 1171 881 1226 ultra

87 1249 189 1312 famem,
201 1247 305 1302 insidias
318 1247 458 1319 legatorum
474 1249 635 1304 toleraturos.
670 1249 766 1320 Atqui
783 1255 901 1303 roman-6

89 1327 182 1389 serant,
196 1323 310 1379 desertos
320 1343 347 1379 se
357 1324 466 1380 abducta
476 1329 549 1396 parte
560 1326 689 1397 legionum
701 1325 880 1396 querebantur.

86 1401 191 1472 Duplex
207 1401 267 1456 bine
282 1401 381 1467 seditio,
398 1403 453 1458 aliis
470 1403 647 1458 revoeantibus
668 1403 801 1468 Voculam,
823 1402 880 1457 aliis

86 1478 170 1534 redire
187 1477 215 1532 in
232 1482 315 1533 emtra
333 1478 510 1534 abnuentibus.
546 1479 654 1534 Interim
672 1479 760 1534 Civilis
784 1479 925 1536 Vetera36

87 1553 259 1610 uireumsedit.
295 1555 394 1610 Vocula
410 1555 550 1611 Geldubam
566 1560 643 1627 atque
660 1556 718 1611 inde
739 1555 880 1610 Novesium

85 1630 222 1686 eoneessit.
259 1631 347 1687 Civilis
364 1633 432 1702 eapit
451 1632 606 1700 Geldubam
625 1650 685 1687 mox
703 1631 772 1687 haud
792 1631 881 1702 procul

87 1707 204 1762 iloresio
220 1709 332 1778 equestri
345 1709 432 1778 praelio
446 1727 565 1780 prospere
584 1709 699 1764 certarit.
736 1708 787 1763 Sed
807 1708 903 1763 miles2

83 1783 206 1839 secundis
222 1784 384 1854 adversisque
399 1785 502 1855 perinde
522 1786 550 1840 in
565 1787 672 1840 exitium
686 1785 777 1840 dueum
794 1802 882 1840 aenen-

85 1859 205 1914 debatur.
252 1859 288 1914 ne
311 1859 423 1915 adventu
446 1862 625 1931 quintanorum
649 1861 880 1932 quintadecimano-

86 1951 200 2003 rumque
211 1939 294 1989 auetaa
307 1935 420 2006 legiones
433 1935 578 1992 donativum
592 1942 740 2006 exposcunt,
752 1940 882 2006 oomperto

88 2009 226 2081 peeuniam
238 2025 253 2064 a
270 2010 376 2066 Vitellio
391 2011 503 2066 missam.
539 2011 596 2066 Nee
608 2012 654 2066 diu
665 2015 801 2066 emutatus
813 2011 905 2068 Hor-8

86 2085 198 2141 deonius
219 2087 319 2142 nomine
335 2087 489 2158 Vespasiani
508 2087 586 2142 dedit.
622 2087 705 2157 quue
727 2087 884 2158 precipuum

85 2163 141 2218 ruit
163 2161 294 2220 seditionis
315 2163 470 2218 alimentum.
506 2163 589 2218 Effusi
602 2163 630 2218 in
647 2163 733 2216 luxum
753 2166 779 2218 et
796 2163 884 2234 epulas

87 2244 117 2296 et
136 2243 276 2294 nocturnos
294 2243 377 2296 emtus
393 2243 506 2296 veterem
524 2241 552 2295 in
568 2239 745 2295 Hordeonium
762 2239 826 2294 iram
846 2257 884 2297 re·

87 2321 195 2384 novant,
206 2335 253 2373 nee
265 2317 317 2374 ullo
329 2319 471 2390 legatorum
483 2319 675 2374 tribuuommve
686 2317 809 2373 obsistere
821 2335 883 2374 auso

89 2395 200 2466 (quippe
212 2412 311 2450 omnem
329 2394 453 2466 pudorem
469 2413 520 2450 nor
538 2395 686 2464 ademerat)
699 2398 884 2466 protraetume

88 2471 170 2526 eubili
181 2471 345 2526 interficiunt.
376 2471 473 2526 Eadem
485 2473 513 2527 in
524 2471 648 2528 Voculam
659 2472 821 2542 parabantur,
833 2473 884 2527 nisi

88 2546 179 2602 servili
195 2547 286 2602 babitu
304 2565 350 2618 per
367 2547 485 2604 tenebras
503 2549 635 2620 ignoratus
656 2549 786 2604 evasisset.
822 2548 907 2616 Ubi‚4

88 2623 182 2678 sedato
197 2623 302 2694 impetu,
322 2627 406 2680 metus
422 2625 505 2690 rediit,
519 2625 680 2681 centuriones
698 2643 755 2680 aum
771 2623 884 2695 epistolis

89 2698 255 2755 adunitates
275 2698 410 2756 Gdliarum
425 2702 523 2772 misere,
542 2701 636 2757 auxilia
651 2719 681 2756 ae
693 2699 819 2772 stipendia
830 2713 886 2750 ora·
962 2713 968 2724 ⁴
