2070 3204
107 179 238 328 hm
297 217 549 268 ursroumnuru
568 217 606 266 11.
623 215 727 264 sr-sa
869 214 896 267 rr

101 345 134 383 ao
146 327 250 393 Valens,
264 327 365 399 quaudo
377 330 458 385 hostis
468 327 641 401 imprudentia
658 327 752 391 meret,
766 323 836 394 qnod
844 324 901 381 loco

101 404 236 475 sapientia
244 409 291 470 est,
302 405 409 460 alienam
421 405 558 461 stultitiam
567 403 770 476 opperiebantur,
780 401 900 456 inchoato

100 485 184 552 ponte
202 481 339 536 transitum
359 482 424 537 Padi
447 481 594 538 simulantes
614 480 735 536 adversus
758 477 901 549 oppositam

101 556 274 628 gladiatorum
288 576 398 624 manum,
415 576 444 614 ac
461 578 494 614 na
508 559 623 630 ipsorum
638 556 710 611 miles
729 569 808 626 segne
819 555 902 609 otium

101 636 208 689 tereret.
244 635 329 689 Nares
348 635 404 705 pari
422 635 490 690 iuter
510 653 538 690 se
558 634 649 706 spati0,
670 631 760 688 validis
780 631 924 701 utrinquet

101 709 220 765 trabibus
241 727 368 776 munera,
390 711 523 766 adversum
554 711 582 766 in
604 712 700 764 flumen
717 708 900 780 dirigebantur,

101 786 182 858 jactis
195 805 271 857 super
283 787 389 852 ancoris,
408 806 464 859 que
476 788 622 842 firmitatem
634 785 720 857 pontis
732 785 901 840 continerent.

105 861 158 918 Sed
175 881 323 918 ancorarum
339 863 413 918 funes
429 882 481 918 non
493 864 592 918 extenti
603 862 747 927 fluitabant,
760 867 798 929 ut,
811 879 902 932 auges·

104 943 182 994 cente
204 939 315 1004 flumine,
345 939 483 994 inoffensus
515 939 577 994 ordo
606 939 709 994 navium
733 937 900 992 attolleretur.

106 1014 249 1071 claudebat
279 1020 383 1087 pontem
411 1017 531 1087 imposita
553 1017 633 1071 turris
662 1019 689 1070 et
712 1015 740 1069 in
762 1019 926 1069 extremamt

105 1110 197 1148 navem
215 1091 314 1157 educta,
331 1091 399 1146 unde
415 1093 549 1151 tormentis
566 1111 596 1147 ac
607 1091 730 1146 machinis
745 1091 832 1148 hostes
844 1109 902 1162 pro-

106 1169 277 1241 pulsarentur.
313 1168 453 1224 Othoniani
486 1170 514 1223 in
551 1169 608 1240 ripa
630 1168 722 1222 turrim
746 1171 900 1233 struxerant,

107 1263 219 1315 saxaque
234 1249 270 1299 'et
294 1245 361 1300 iaces
381 1244 566 1316 jaculabantur.
601 1244 638 1298 Et
657 1247 712 1298 erut
729 1243 813 1298 insula
830 1242 947 1298 amue85

107 1321 199 1386 medio,
212 1321 239 1376 in
251 1340 326 1392 quam
339 1321 501 1392 gladiatores,
513 1321 620 1376 navibus
631 1319 772 1384 molientes,
783 1319 903 1376 Germani

108 1397 193 1452 nando
213 1398 423 1469 prolabebantur.
460 1399 499 1454 Aa
523 1398 591 1453 forta
614 1397 700 1468 plures
720 1400 901 1466 transgressos,

109 1476 241 1546 completis
260 1477 414 1543 Liburnicis,
436 1495 481 1548 per
504 1476 708 1547 promptissimos
732 1474 902 1546 gladiatorum

108 1553 198 1608 Macer
210 1553 364 1624 aggreditur.
402 1553 453 1608 Sed
463 1571 546 1624 neque
558 1571 588 1608 ea
599 1551 743 1608 constantia
756 1551 926 1624 gladiatori-2

108 1629 158 1686 bus
174 1628 206 1684 ad
224 1629 309 1700 praelia
325 1649 381 1701 quoe
397 1629 535 1696 militibus;
561 1647 608 1685 nec
626 1627 730 1700 perinde
747 1632 869 1683 nutantes
887 1645 902 1682 e

104 1705 217 1761 ,navibus
235 1725 310 1776 quam
331 1706 417 1762 stabili
431 1705 513 1778 gradu
530 1707 615 1777 eripe
632 1705 738 1761 vulnera
753 1703 903 1776 domabant.

109 1783 210 1838 Etcum
220 1783 296 1838 varfls
306 1781 703 1854 trepidantiuminclinationibus
712 1780 926 1852 mixtiremigest

110 1862 362 1930 propugnatoresque
381 1859 554 1928 turbarentur,
576 1859 678 1914 desilire
697 1858 724 1914 in
747 1856 812 1913 vada
834 1856 904 1911 ultro

112 1935 238 2000 Germani,
258 1940 386 1990 retentare
405 1954 512 2006 puppes,
537 1935 657 1991 scandere
678 1935 754 2000 soros,
775 1936 820 1988 aut
838 1950 903 1988 corn-

111 2010 195 2064 minus
224 2028 345 2080 mergere.
394 2011 460 2069 Quas
489 2015 581 2066 cuncta
606 2012 634 2066 in
664 2011 745 2066 oculis
770 2011 927 2080 utriusquat

108 2084 247 2148 ⁴exercitus,
261 2091 356 2154 quanto
367 2087 465 2141 laetiora
475 2087 627 2152 Vitellianis,
645 2089 718 2140 tanto
730 2086 813 2140 acrius
825 2085 905 2140 Otho·

108 2159 183 2214 -niaui
206 2176 306 2214 causam
331 2166 510 2233 auctoremque
534 2161 611 2216 cladis
635 2161 834 2216 detestabantur.
869 2160 950 2218 latas

114 2234 229 2306 praelium
242 2236 350 2306 quidem,
366 2237 477 2307 abreptis
489 2255 546 2308 quse
558 2240 706 2308 supereraut
718 2236 832 2304 navibus,
844 2236 906 2308 iuga

107 2311 283 2383 diremptum:
308 2313 398 2368 Macer
418 2315 454 2368 ad
472 2313 579 2368 exitium
602 2312 761 2384 poscebatur.
797 2313 929 2385 Jamquea

44 2406 48 2414 ’
112 2389 274 2444 vulneratum
298 2390 396 2446 eminus
415 2390 503 2446 lancea
526 2389 622 2446 strictis
645 2390 736 2462 gladiis
753 2391 908 2461 invaserant,

113 2484 171 2522 oum
183 2467 328 2522 intercursu
339 2467 500 2522 tribunorum
515 2467 742 2539 centurionumque
753 2469 905 2541 protegitur.

113 2542 170 2598 Nec
193 2543 274 2598 multo
298 2549 357 2616 post
380 2544 523 2601 Vestricius
545 2545 672 2615 Spurinna
690 2545 765 2616 jussu
788 2546 929 2612 Othonis‚8

114 2617 202 2672 relicto
213 2618 350 2675 Placentia
361 2620 460 2676 modico
478 2621 603 2692 praesidio,
616 2640 674 2678 curn
689 2623 836 2680 cohortibus
848 2621 907 2677 sub

41 2691 46 2700 ’
114 2693 191 2750 venit.
228 2694 296 2749 Dein
311 2695 428 2750 Flavium
445 2694 574 2760 Sabinum,
591 2698 720 2754 consulem
738 2699 931 2768 designatum‚4

116 2769 185 2826 Otho
208 2775 334 2828 rectorem
351 2772 430 2844 copiis
447 2773 517 2834 misit
534 2771 627 2844 quibus
650 2773 740 2830 Macer
761 2771 906 2844 praefuerat,
