2086 3026
179 150 226 198 194
511 151 632 200 ΤΔοΙΤῐ

806 214 843 264 [Δ.
854 213 884 255 e.
894 215 917 256 e.
924 213 971 256 ssu

176 275 242 326 rum,
263 259 391 317 Obsslsus
410 263 505 332 speret,
525 261 715 333 Imperiumque
735 265 764 318 et
786 268 975 319 ssorumsutum

177 336 314 394 Galliarum
323 340 445 393 ostentet.
471 336 544 392 Adeo
555 355 610 407 nos,
618 338 641 392 si
649 337 755 393 fortune
766 338 793 393 iu
801 355 914 409 presens
923 341 975 395 rir-

176 416 270 485 tusque
281 413 401 478 deseruit,
411 413 488 469 etiem
497 417 583 469 vetere
594 414 710 486 exemplu
720 413 857 470 deficiunt:
871 415 975 486 quoties

177 489 300 546 Romanis
311 489 423 562 legiones
435 490 517 561 perire
528 491 732 562 praeoptsmrint,
742 508 777 546 ne
786 489 842 546 loeo
851 491 975 561 pelleren-

154 569 228 622 ttur.
267 566 335 622 Sooii
346 583 413 637 sepe
424 566 514 632 nostri,
526 566 641 622 exscindi
652 566 729 622 urbes
743 585 810 633 suus,
824 583 904 638 seque
915 583 975 622 eum

176 641 328 713 eonjugibus
339 659 369 697 uo
380 641 466 698 liberis
483 643 596 709 memmi,
609 642 786 714 pertulerunt:
804 659 889 713 neque
905 643 975 700 uliud

176 717 287 788 pretium
313 718 405 784 exitus,
430 737 505 790 quum
528 719 591 774 fides
614 719 740 790 fameque.
776 719 899 774 Toleruut
916 737 976 774 eum

176 793 284 849 menime
295 793 404 866 inopium
416 794 592 866 obsidiumque
603 795 671 866 epud
682 795 780 850 Vetere
791 795 914 865 legiones,
928 813 977 852 nee

153 874 273 926 lterrore
287 875 333 926 eut
346 870 477 942 promissis
491 871 664 927 demorentur.
701 871 792 936 Nobis,
809 889 890 942 super
905 889 977 927 arms

174 952 203 1004 st
214 949 282 1004 viros
294 952 321 1004 et
332 949 435 1022 egregie
446 953 587 1005 uestrorum
598 949 764 1014 mummentu,
775 949 938 1004 frumentum
950 954 976 1005 et

175 1030 339 1094 eommortm,
351 1025 465 1097 quemvis
479 1025 555 1098 longo
566 1025 632 1081 bello
648 1043 730 1098 peres.
766 1023 881 1080 Pecunia
892 1043 977 1096 nuper

176 1103 253 1158 etiem
266 1103 384 1158 donativo
400 1102 517 1158 suffecit:
536 1105 605 1174 quod
616 1102 670 1158 sire
684 1120 700 1156 u
713 1101 878 1174 Vespssinuo,
893 1102 977 1157 siren

177 1179 288 1247 Vitellio,
311 1179 400 1234 dutum
422 1178 585 1248 interpretari
607 1178 734 1243 mavultis,
756 1178 789 1232 eb
812 1175 977 1249 Imperatore

153 1261 246 1311 ossrte
258 1257 374 1311 Romano
386 1255 526 1324 ueoepistis.
573 1254 624 1309 Tot
635 1253 757 1310 bellorum
773 1253 893 1319 virtores,
907 1255 978 1323 apud

179 1334 326 1400 Geldubam,
347 1333 419 1405 opud
432 1333 536 1398 Vetere,
557 1332 617 1388 fuso
632 1333 710 1388 toties
731 1332 813 1396 hoste,
833 1332 855 1386 si
874 1334 977 1403 pavetis

178 1411 264 1481 selem,
282 1410 415 1481 indiguum
434 1408 461 1464 id
481 1408 597 1480 quidem:
619 1408 665 1464 sed
685 1412 726 1464 est
742 1407 836 1463 vellum
855 1409 977 1479 murique

177 1497 204 1540 et
225 1485 342 1540 trahendi
359 1489 436 1551 ertes,
454 1485 534 1540 donee
551 1503 566 1540 e
583 1484 704 1555 proximis
717 1483 860 1555 ¹provinciis
880 1485 977 1540 auxilie

152 1573 154 1578 ·
177 1561 354 1630 exercitusque
370 1565 529 1616 eouourruut.
566 1561 632 1616 Sene
650 1578 698 1632 ego
715 1559 868 1630 displioem.
907 1559 976 1614 Srmt
1025 1551 1026 1570 ¹

153 1637 220 1692 oslii
235 1636 336 1706 Legau
351 1635 465 1700 Tribuni,
483 1637 603 1692 Oenturio
620 1635 736 1708 denique,
754 1639 799 1690 sut
814 1634 895 1690 mileu
932 1637 975 1690 Ne

178 1712 226 1768 lroo
242 1711 385 1784 prodigium
401 1716 459 1768 toto
475 1716 601 1768 terrerum
619 1712 680 1768 orbe
697 1713 825 1784 vulgetur,
842 1711 916 1767 volsis
935 1729 975 1766 su·

177 1789 309 1856 tellitibus,
322 1788 428 1844 Civilem
440 1793 467 1844 et
479 1789 620 1844 (llussierm
631 1788 733 1844 Italiam
745 1789 886 1843 invasuros.
923 1790 973 1854 An,

176 1866 199 1921 si
220 1865 253 1921 ed
272 1865 365 1922 moeuiu
383 1865 454 1921 urbis
475 1866 594 1921 Germani
615 1863 730 1936 Gallique
754 1863 882 1928 duxerint,
904 1879 974 1917 arms

177 1943 266 2013 putrie
280 1941 416 2000 inferetis?
434 1941 532 1997 Horret
548 1941 646 1996 sumtus
664 1941 731 1996 tenti
745 1939 837 2010 flugitii
851 1938 973 2010 imagine.

153 2019 293 2076 liuteriu’
311 2019 422 2075 'llorere
440 2021 549 2090 sgeutur
568 2016 702 2072 exoubiei
718 2017 827 2086 Signum
844 2013 905 2069 belli
923 2015 972 2068 Bu·

149 2111 152 2116 '
178 2101 253 2153 turus
274 2096 364 2153 debit?
383 2096 565 2151 Germanorum
583 2097 698 2148 euterras
717 2090 888 2162 supplebitis?
907 2091 973 2150 Quis

178 2173 269 2230 deiude
289 2173 391 2230 sederis
410 2172 514 2228 exitus?
532 2187 590 2225 oum
610 2169 732 2224 Romuuae
750 2167 863 2238 legiones
884 2170 974 2222 eontra

178 2250 331 2306 direxerint:
351 2248 518 2320 transfugere
533 2245 680 2316 transfugis,
693 2252 720 2299 et
735 2243 877 2315 proditores
889 2261 904 2298 e
915 2259 974 2312 pre-

178 2325 310 2391 ditoribus,
320 2327 389 2380 iuter
401 2341 490 2380 reeens
502 2327 528 2378 et
541 2326 614 2378 vetus
627 2324 811 2376 recrementum
820 2318 898 2373 invisi
910 2319 973 2373 Deis
1024 2351 1025 2372 1

153 2399 314 2456 semutitisl
332 2401 377 2462 Te,
397 2401 500 2470 Jupiter
519 2398 614 2470 optime
634 2397 750 2461 maxime,
771 2413 845 2466 quem
865 2411 913 2465 per
932 2411 974 2449 oo·
1024 2391 1025 2409 ¹

178 2473 310 2541 tingentes
333 2473 426 2542 viginti
451 2491 530 2528 unnos
554 2478 595 2529 tot
619 2473 754 2543 triumphis
779 2470 914 2534 soluimus,
940 2475 974 2535 te,

180 2545 296 2607 Quirine,
311 2546 433 2600 Romrmu
447 2566 538 2616 parens
551 2549 629 2613 urbis,
647 2565 735 2618 preeor
750 2563 917 2616 venerorque,
935 2550 973 2608 ut,

178 2619 285 2672 sivobis
297 2637 348 2672 non
364 2619 413 2671 fuit
428 2622 504 2685 eordi,
517 2641 559 2677 me
572 2625 645 2678 Duoe
660 2625 713 2678 hee
727 2627 811 2678 eastre
824 2623 974 2691 iurornrpte

180 2697 207 2748 et
219 2693 369 2748 intemerate
380 2697 482 2762 servmi,
491 2702 518 2750 st
527 2703 596 2752 certe
608 2700 686 2768 pollui
697 2700 836 2769 imdarique
848 2715 863 2752 s
875 2697 972 2752 Tutore
1023 2669 1024 2742 i

182 2771 208 2821 et
221 2767 332 2823 Classico
345 2786 376 2821 ne
389 2769 484 2823 sinetis.
521 2772 647 2828 Militibus
661 2776 783 2830 Romanis
794 2779 839 2829 sut
852 2775 971 2829 innoeen-
