2096 3038
121 139 170 188 1²4
456 133 575 182 nnclnr

755 194 790 243 [Α.
801 193 829 255 U:
838 193 859 233 U
870 193 914 255 822

97 251 184 306 teret.
228 245 396 318 Repiigncs
420 246 547 300 Antonius
574 243 713 334 inferrique
740 243 916 298 umoenissimis

121 329 196 379 extra
218 323 307 380 urbem
330 322 442 377 edificiis
458 322 539 393 jubet,
559 321 582 376 si
599 321 691 376 damno
708 338 793 374 rerum
812 338 917 375 suerum

122 403 306 458 Cremonenses
328 401 360 455 ed
385 399 532 455 mutandum
554 399 628 454 fidem
648 398 818 453 traherentur.
854 398 917 452 Pro·

121 480 218 550 pinque
239 480 323 532 muris
337 481 414 545 tecta,
432 482 458 532 et
477 468 637 531 altitudinem
661 475 782 530 rnoenium
805 493 916 546 egressa

122 555 260 610 lenissimo
271 572 374 626 quoque
385 553 495 608 militnm
512 553 638 623 complet3
657 551 694 606 illi
709 551 824 606 trabibus
840 559 917 622 tegu-

76 631 203 701 sllisque
225 635 252 685 et
272 632 370 685 facibus
391 633 591 701 propugnatores
615 628 761 683 deturbant.
798 629 857 682 Jem
880 628 917 682 le-

122 707 210 779 giones
222 707 249 761 in
260 706 415 762 testudinem
428 706 640 777 glomerabantur,
652 709 679 760 et
691 705 733 758 nlii
744 704 796 758 tele
806 722 917 775 saxaque

122 784 288 848 incutiebant,
313 801 371 838 cum
391 783 555 852 languescere
577 782 701 852 paulatim
721 781 917 836 Vitellianorum

99 861 207 919 nunni.
244 861 283 916 Ut
306 861 363 931 quis
381 860 469 914 ordine
490 859 611 924 anteibat,
630 858 720 914 cedere
738 858 854 922 fortune,
876 876 917 924 ne,

123 937 248 992 Cremona
260 955 360 1009 quoqne
372 937 463 1000 excise,
476 937 547 990 nulle
561 935 630 990 ultre
641 935 722 999 venie,
735 934 868 1004 omnisque
880 934 919 988 ira

123 1014 227 1068 victoris
238 1032 290 1069 non
302 1014 329 1068 in
336 1013 430 1082 vulgus
442 1014 515 1084 inops
527 1011 573 1067 sed
582 1013 609 1066 in
620 1011 737 1066 tribunos
746 1011 918 1066 centuriones-

99 1103 181 1161 8que,
200 1090 244 1146 ubi
261 1090 372 1161 pretium
390 1090 465 1145 cedis
483 1093 546 1154 eret,
563 1091 741 1144 reverteretur.
778 1087 917 1158 Gregerius

123 1167 204 1233 miles,
226 1168 308 1222 futuri
328 1171 458 1222 socorset
482 1165 642 1238 ignobilitate
665 1165 754 1231 tutior,
777 1163 916 1235 perstabat.

123 1244 192 1315 Vagi
204 1263 249 1315 per
262 1245 322 1309 vies,
336 1245 361 1299 in
375 1243 491 1298 domibus
504 1241 591 1310 abditi,
603 1260 691 1314 pacem
703 1260 736 1296 ne
747 1245 803 1296 turn
816 1240 917 1311 quidem

124 1321 230 1375 orabant
218 1325 307 1376 tcum
324 1320 419 1375 bellum
436 1321 588 1391 posuissent
568 1319 752 1373 tPrimores
776 1323 918 1373 castrorum

101 1407 217 1452 4nomen
241 1399 317 1465 atque
341 1396 464 1467 imagines
489 1395 586 1451 Vitelli
610 1395 732 1450 amoliunt
720 1399 771 1449 t.ur
808 1394 919 1470 Catenae

126 1472 232 1526 Oecinec
243 1472 311 1541 (nam
324 1472 469 1526 etiamtum
480 1472 583 1526 vinctus
596 1491 638 1526 era
638 1471 823 1542 t,t)cxsolvun
834 1459 920 1526 orent-

126 1565 175 1618 que
195 1553 225 1601 ut
243 1565 325 1602 ceusae
343 1565 396 1602 sue
414 1548 562 1618 deprecator
520 1547 696 1603 tadsistat.
732 1551 919 1619 Aspementern

125 1627 317 1694 tumentemque
341 1624 450 1678 lacrimis
473 1624 591 1695 fergant,
617 1629 758 1680 extremum
787 1624 917 1689 mulorum,

101 1704 166 1760 etot
184 1700 316 1754 fortissimi
338 1700 387 1755 viri
410 1699 545 1770 proditoris
566 1719 640 1772 opem
664 1701 818 1756 innocentes.
855 1700 919 1755 Mox

126 1777 268 1832 velamenta
279 1781 306 1832 et
317 1777 410 1832 infulas
428 1795 474 1848 pro
486 1778 565 1832 inuris
581 1783 719 1833 ostentant.
756 1778 822 1832 Uurn
840 1779 920 1832 Anto·

125 1854 184 1909 nius
201 1853 310 1908 inhiberi
327 1853 379 1908 tela
391 1855 518 1926 jussisset,
538 1856 611 1926 signa
626 1855 772 1926 aquilasque
787 1854 917 1909 extulere:

126 1935 243 1987 mestum
262 1931 395 1986 inermium
416 1949 515 2003 eginen,
537 1932 642 2003 dejectis
665 1932 692 1986 in
715 1936 809 1986 terram
832 1931 920 1998 oculis,

101 2009 287 2081 csequebatur.
325 2008 547 2064 Circumstiterant
560 2010 676 2073 victores,
689 2013 716 2063 et
731 2008 811 2077 primo
823 2007 920 2079 ingere-

126 2085 189 2142 bant
209 2086 309 2158 probru,
329 2085 490 2141 intentabant
510 2086 594 2141 ictus:
615 2104 679 2151 mox,
702 2089 732 2140 nt
750 2084 857 2154 praeberi
876 2103 921 2138 ora

127 2164 294 2229 contumeliis,
311 2167 345 2229 et,
364 2163 449 2234 posita
459 2163 528 2216 omni
546 2163 647 2228 ferocia,
660 2166 753 2218 cuncta
767 2161 827 2216 victi
840 2161 920 2232 potie-

126 2237 228 2304 bantur,
247 2239 317 2295 subit
334 2239 475 2294 recordatio
493 2239 549 2294 illos
567 2258 623 2295 esse
641 2240 686 2310 qui
705 2256 787 2309 nuper
804 2237 921 2292 Bedriaci
984 2303 988 2310 .

102 2315 239 2370 trieteris
256 2316 450 2385 temperdssent.
488 2315 538 2369 Sed
555 2315 600 2370 ubi
618 2316 719 2370 Caecina
734 2317 860 2386 pretenta
877 2313 921 2368 lic·

127 2390 276 2459 tcribusque
287 2391 401 2460 insignis,
415 2390 512 2444 dimota
524 2391 608 2458 turba,
621 2391 710 2447 consul
724 2391 836 2455 incessit,
850 2408 922 2445 exar-

129 2483 184 2520 sere
197 2464 322 2518 victores
316 2487 322 2498 ·
341 2465 483 2534 superbiam
496 2468 676 2539 sevitiamqne,
690 2467 763 2538 (edeo
775 2467 855 2521 inrisu
869 2484 922 2522 sce·

129 2541 182 2595 lere
200 2557 248 2593 sun
248 2541 311 2606 ιε)
311 2539 373 2592 tiern
391 2540 521 2609 perfidiam
540 2543 624 2613 objtec
612 2545 709 2599 ttuban
746 2543 844 2597 Obstili
844 2545 922 2597 tAn·

128 2615 223 2677 tonius,
237 2613 352 2682 datisque
365 2613 547 2683 defensoribus,
557 2618 589 2672 ad
601 2620 787 2691 Vespasianum
799 2619 904 2673 dimisit.

83 2703 120 2759 32
164 2689 297 2744 Plebsint
258 2689 360 2744 interim
379 2657 587 2746 Cremonensium
604 2695 673 2751 inter
690 2699 800 2751 armatos
822 2695 923 2750 conflic-
