<?xml version="1.0" encoding="UTF-8"?>
<!DOCTYPE html PUBLIC "-//W3C//DTD XHTML 1.0 Transitional//EN"
    "http://www.w3.org/TR/xhtml1/DTD/xhtml1-transitional.dtd">
<html xmlns="http://www.w3.org/1999/xhtml" xml:lang="en" lang="en">
 <head>
  <title>
</title>
<meta http-equiv="Content-Type" content="text/html;charset=utf-8" />
  <meta name='ocr-system' content='tesseract 3.04.00' />
  <meta name='ocr-capabilities' content='ocr_page ocr_carea ocr_par ocr_line ocrx_word'/>
</head>
<body>
  <div class='ocr_page' id='page_1' title='image "./opera01tacigoog_0020.png"; bbox 0 0 2070 3204; ppageno 0'>
   <div class='ocr_carea' id='block_1_1' title="bbox 80 332 887 445">
    <p class='ocr_par' dir='ltr' id='par_1_1' title="bbox 80 332 887 445">
     <span class='ocr_line' id='line_1_1' title="bbox 80 332 887 445; baseline 0.001 -64"><span class='ocrx_word' id='word_1_1' title='bbox 80 395 109 434; x_wconf 38' lang='grc' dir='ltr'><strong>Δ,</strong></span> <span class='ocrx_word' id='word_1_2' title='bbox 122 395 149 434; x_wconf 37' lang='grc' dir='ltr'><strong>Β.</strong></span> <span class='ocrx_word' id='word_1_3' title='bbox 161 395 204 445; x_wconf 33' lang='lat'><strong>⁸9¹]</strong></span> <span class='ocrx_word' id='word_1_4' title='bbox 279 332 535 382; x_wconf 82' lang='lat' dir='ltr'><strong>HISTORIARUM</strong></span> <span class='ocrx_word' id='word_1_5' title='bbox 554 333 575 382; x_wconf 92' lang='lat'><strong>1.</strong></span> <span class='ocrx_word' id='word_1_6' title='bbox 595 335 698 384; x_wconf 83' lang='lat' dir='ltr'><strong>la-aa.</strong></span> <span class='ocrx_word' id='word_1_7' title='bbox 856 335 887 382; x_wconf 74' lang='lat'><strong>18</strong></span> 
     </span>
    </p>
   </div>
   <div class='ocr_carea' id='block_1_2' title="bbox 31 442 934 2734">
    <p class='ocr_par' dir='ltr' id='par_1_2' title="bbox 81 442 912 1433">
     <span class='ocr_line' id='line_1_2' title="bbox 81 442 886 511; baseline -0.001 -12"><span class='ocrx_word' id='word_1_8' title='bbox 81 462 164 500; x_wconf 90' lang='lat' dir='ltr'><strong>omne</strong></span> <span class='ocrx_word' id='word_1_9' title='bbox 181 445 208 499; x_wconf 93' lang='lat' dir='ltr'><strong>in</strong></span> <span class='ocrx_word' id='word_1_10' title='bbox 224 444 327 500; x_wconf 91' lang='lat' dir='ltr'><strong>turbido</strong></span> <span class='ocrx_word' id='word_1_11' title='bbox 344 445 484 511; x_wconf 87' lang='lat' dir='ltr'><strong>consilium,</strong></span> <span class='ocrx_word' id='word_1_12' title='bbox 498 445 579 500; x_wconf 83' lang='lat' dir='ltr'><strong>multa</strong></span> <span class='ocrx_word' id='word_1_13' title='bbox 590 443 665 500; x_wconf 87' lang='lat' dir='ltr'><strong>simul</strong></span> <span class='ocrx_word' id='word_1_14' title='bbox 677 442 886 509; x_wconf 72' lang='lat' dir='ltr'><strong>exstimulabant,</strong></span> 
     </span>
     <span class='ocr_line' id='line_1_3' title="bbox 81 518 888 593; baseline -0.001 -18"><span class='ocrx_word' id='word_1_15' title='bbox 81 521 191 576; x_wconf 83' lang='lat' dir='ltr'><strong>luxuria</strong></span> <span class='ocrx_word' id='word_1_16' title='bbox 208 521 285 576; x_wconf 86' lang='lat' dir='ltr'><strong>etiarn</strong></span> <span class='ocrx_word' id='word_1_17' title='bbox 303 521 412 593; x_wconf 80' lang='lat' dir='ltr'>principi</span> <span class='ocrx_word' id='word_1_18' title='bbox 427 521 639 592; x_wconf 79' lang='lat' dir='ltr'><strong>onerosainopia</strong></span> <span class='ocrx_word' id='word_1_19' title='bbox 649 521 694 576; x_wconf 85' lang='lat' dir='ltr'><strong>rix</strong></span> <span class='ocrx_word' id='word_1_20' title='bbox 710 520 809 591; x_wconf 82' lang='lat' dir='ltr'><strong>privato</strong></span> <span class='ocrx_word' id='word_1_21' title='bbox 825 518 888 575; x_wconf 88' lang='lat' dir='ltr'><strong>tole·</strong></span> 
     </span>
     <span class='ocr_line' id='line_1_4' title="bbox 82 596 910 669; baseline -0.001 -18"><span class='ocrx_word' id='word_1_22' title='bbox 82 597 175 662; x_wconf 83' lang='lat' dir='ltr'><strong>nanda,</strong></span> <span class='ocrx_word' id='word_1_23' title='bbox 189 597 217 652; x_wconf 93' lang='lat' dir='ltr'><strong>in</strong></span> <span class='ocrx_word' id='word_1_24' title='bbox 235 597 340 652; x_wconf 83' lang='lat' dir='ltr'><strong>Galbam</strong></span> <span class='ocrx_word' id='word_1_25' title='bbox 353 597 399 662; x_wconf 87' lang='lat' dir='ltr'><strong>ira,</strong></span> <span class='ocrx_word' id='word_1_26' title='bbox 412 598 438 652; x_wconf 94' lang='lat' dir='ltr'><strong>in</strong></span> <span class='ocrx_word' id='word_1_27' title='bbox 452 598 572 653; x_wconf 81' lang='lat' dir='ltr'>Pisonem</span> <span class='ocrx_word' id='word_1_28' title='bbox 583 597 685 652; x_wconf 86' lang='lat' dir='ltr'><strong>invidia.</strong></span> <span class='ocrx_word' id='word_1_29' title='bbox 722 596 849 669; x_wconf 77' lang='lat' dir='ltr'><strong>Fingebat</strong></span> <span class='ocrx_word' id='word_1_30' title='bbox 861 599 910 652; x_wconf 73' lang='lat' dir='ltr'><strong>eta</strong></span> 
     </span>
     <span class='ocr_line' id='line_1_5' title="bbox 83 673 888 745; baseline 0.001 -18"><span class='ocrx_word' id='word_1_31' title='bbox 83 677 195 738; x_wconf 87' lang='lat' dir='ltr'><strong>metum,</strong></span> <span class='ocrx_word' id='word_1_32' title='bbox 213 691 263 744; x_wconf 87' lang='lat' dir='ltr'><strong>quo</strong></span> <span class='ocrx_word' id='word_1_33' title='bbox 280 674 360 745; x_wconf 86' lang='lat' dir='ltr'><strong>magis</strong></span> <span class='ocrx_word' id='word_1_34' title='bbox 378 675 577 744; x_wconf 75' lang='lat' dir='ltr'><strong>concupisceret.</strong></span> <span class='ocrx_word' id='word_1_35' title='bbox 613 673 774 745; x_wconf 76' lang='lat' dir='ltr'><strong>Praegravcm</strong></span> <span class='ocrx_word' id='word_1_36' title='bbox 794 691 822 728; x_wconf 92' lang='lat' dir='ltr'><strong>se</strong></span> <span class='ocrx_word' id='word_1_37' title='bbox 833 673 888 728; x_wconf 88' lang='lat' dir='ltr'><strong>Ne·</strong></span> 
     </span>
     <span class='ocr_line' id='line_1_6' title="bbox 83 749 888 814; baseline 0 -10"><span class='ocrx_word' id='word_1_38' title='bbox 83 749 254 814; x_wconf 79' lang='lat' dir='ltr'><strong>renituisse,</strong></span> <span class='ocrx_word' id='word_1_39' title='bbox 281 768 328 806; x_wconf 89' lang='lat' dir='ltr'><strong>nec</strong></span> <span class='ocrx_word' id='word_1_40' title='bbox 351 750 511 806; x_wconf 79' lang='lat' dir='ltr'><strong>Lusitaniam</strong></span> <span class='ocrx_word' id='word_1_41' title='bbox 534 768 624 805; x_wconf 87' lang='lat' dir='ltr'><strong>rursus</strong></span> <span class='ocrx_word' id='word_1_42' title='bbox 645 753 672 804; x_wconf 90' lang='lat' dir='ltr'><strong>et</strong></span> <span class='ocrx_word' id='word_1_43' title='bbox 696 749 800 804; x_wconf 84' lang='lat' dir='ltr'><strong>alterius</strong></span> <span class='ocrx_word' id='word_1_44' title='bbox 820 749 888 804; x_wconf 83' lang='lat' dir='ltr'><strong>exilii</strong></span> 
     </span>
     <span class='ocr_line' id='line_1_7' title="bbox 84 825 911 898; baseline 0.005 -18"><span class='ocrx_word' id='word_1_45' title='bbox 84 825 427 897; x_wconf 84' lang='lat' dir='ltr'><strong>honoremexspectandum.</strong></span> <span class='ocrx_word' id='word_1_46' title='bbox 459 828 612 898; x_wconf 84' lang='lat' dir='ltr'><strong>Suspectum</strong></span> <span class='ocrx_word' id='word_1_47' title='bbox 621 825 911 897; x_wconf 71' lang='lat' dir='ltr'><strong>semperinvisumquea</strong></span> 
     </span>
     <span class='ocr_line' id='line_1_8' title="bbox 85 901 889 974; baseline 0.001 -18"><span class='ocrx_word' id='word_1_48' title='bbox 85 901 279 958; x_wconf 79' lang='lat' dir='ltr'><strong>dominantibus</strong></span> <span class='ocrx_word' id='word_1_49' title='bbox 291 903 337 973; x_wconf 89' lang='lat' dir='ltr'><strong>qui</strong></span> <span class='ocrx_word' id='word_1_50' title='bbox 354 903 485 974; x_wconf 87' lang='lat' dir='ltr'><strong>proximus</strong></span> <span class='ocrx_word' id='word_1_51' title='bbox 503 903 681 958; x_wconf 83' lang='lat' dir='ltr'><strong>destinaretur.</strong></span> <span class='ocrx_word' id='word_1_52' title='bbox 717 902 844 958; x_wconf 89' lang='lat' dir='ltr'><strong>Nocuisse</strong></span> <span class='ocrx_word' id='word_1_53' title='bbox 861 902 889 957; x_wconf 93' lang='lat' dir='ltr'><strong>id</strong></span> 
     </span>
     <span class='ocr_line' id='line_1_9' title="bbox 86 977 889 1052; baseline 0.002 -20"><span class='ocrx_word' id='word_1_54' title='bbox 86 977 138 1033; x_wconf 91' lang='lat' dir='ltr'><strong>sibi</strong></span> <span class='ocrx_word' id='word_1_55' title='bbox 163 979 340 1050; x_wconf 90' lang='lat' dir='ltr'><strong>apud·seuem</strong></span> <span class='ocrx_word' id='word_1_56' title='bbox 363 980 521 1052; x_wconf 80' lang='lat' dir='ltr'><strong>principem3</strong></span> <span class='ocrx_word' id='word_1_57' title='bbox 547 979 629 1051; x_wconf 77' lang='lat' dir='ltr'><strong>magis</strong></span> <span class='ocrx_word' id='word_1_58' title='bbox 652 979 797 1034; x_wconf 87' lang='lat' dir='ltr'><strong>nociturum</strong></span> <span class='ocrx_word' id='word_1_59' title='bbox 821 978 889 1050; x_wconf 87' lang='lat' dir='ltr'><strong>apud</strong></span> 
     </span>
     <span class='ocr_line' id='line_1_10' title="bbox 84 1055 887 1128; baseline 0 -19"><span class='ocrx_word' id='word_1_60' title='bbox 84 1055 209 1126; x_wconf 88' lang='lat' dir='ltr'><strong>juvenem</strong></span> <span class='ocrx_word' id='word_1_61' title='bbox 232 1056 335 1128; x_wconf 85' lang='lat' dir='ltr'><strong>ingenio</strong></span> <span class='ocrx_word' id='word_1_62' title='bbox 363 1061 462 1112; x_wconf 90' lang='lat' dir='ltr'><strong>trucem</strong></span> <span class='ocrx_word' id='word_1_63' title='bbox 485 1059 513 1112; x_wconf 88' lang='lat' dir='ltr'><strong>et</strong></span> <span class='ocrx_word' id='word_1_64' title='bbox 535 1056 612 1127; x_wconf 85' lang='lat' dir='ltr'><strong>longo</strong></span> <span class='ocrx_word' id='word_1_65' title='bbox 641 1055 717 1110; x_wconf 77' lang='lat' dir='ltr'><strong>exilio</strong></span> <span class='ocrx_word' id='word_1_66' title='bbox 745 1055 887 1110; x_wconf 81' lang='lat' dir='ltr'><strong>efferatum.</strong></span> 
     </span>
     <span class='ocr_line' id='line_1_11' title="bbox 88 1131 912 1204; baseline 0.001 -19"><span class='ocrx_word' id='word_1_67' title='bbox 88 1131 181 1187; x_wconf 90' lang='lat' dir='ltr'><strong>Occidi</strong></span> <span class='ocrx_word' id='word_1_68' title='bbox 197 1133 324 1188; x_wconf 88' lang='lat' dir='ltr'><strong>Othonem</strong></span> <span class='ocrx_word' id='word_1_69' title='bbox 340 1151 422 1204; x_wconf 89' lang='lat' dir='ltr'><strong>posse.</strong></span> <span class='ocrx_word' id='word_1_70' title='bbox 458 1132 569 1188; x_wconf 86' lang='lat' dir='ltr'><strong>Proinde</strong></span> <span class='ocrx_word' id='word_1_71' title='bbox 586 1131 713 1203; x_wconf 65' lang='lat' dir='ltr'><strong>agonum</strong></span> <span class='ocrx_word' id='word_1_72' title='bbox 733 1131 912 1187; x_wconf 74' lang='lat' dir='ltr'><strong>audendum-a</strong></span> 
     </span>
     <span class='ocr_line' id='line_1_12' title="bbox 88 1207 889 1278; baseline 0 -16"><span class='ocrx_word' id='word_1_73' title='bbox 88 1225 148 1278; x_wconf 88' lang='lat' dir='ltr'><strong>qne,</strong></span> <span class='ocrx_word' id='word_1_74' title='bbox 162 1207 223 1263; x_wconf 90' lang='lat' dir='ltr'><strong>durn</strong></span> <span class='ocrx_word' id='word_1_75' title='bbox 236 1209 323 1264; x_wconf 84' lang='lat' dir='ltr'><strong>Galbae</strong></span> <span class='ocrx_word' id='word_1_76' title='bbox 340 1209 478 1264; x_wconf 87' lang='lat' dir='ltr'><strong>auctoritas</strong></span> <span class='ocrx_word' id='word_1_77' title='bbox 494 1209 571 1271; x_wconf 83' lang='lat' dir='ltr'><strong>fluxa,</strong></span> <span class='ocrx_word' id='word_1_78' title='bbox 590 1207 692 1262; x_wconf 88' lang='lat' dir='ltr'><strong>Pisonis</strong></span> <span class='ocrx_word' id='word_1_79' title='bbox 704 1207 817 1262; x_wconf 89' lang='lat' dir='ltr'><strong>nondum</strong></span> <span class='ocrx_word' id='word_1_80' title='bbox 831 1225 889 1263; x_wconf 86' lang='lat' dir='ltr'><strong>eoa-</strong></span> 
     </span>
     <span class='ocr_line' id='line_1_13' title="bbox 88 1283 912 1356; baseline -0.001 -18"><span class='ocrx_word' id='word_1_81' title='bbox 88 1283 189 1339; x_wconf 89' lang='lat' dir='ltr'><strong>luisset.</strong></span> <span class='ocrx_word' id='word_1_82' title='bbox 225 1285 390 1356; x_wconf 87' lang='lat' dir='ltr'><strong>Opportunos</strong></span> <span class='ocrx_word' id='word_1_83' title='bbox 399 1285 498 1356; x_wconf 81' lang='lat' dir='ltr'><strong>magnis</strong></span> <span class='ocrx_word' id='word_1_84' title='bbox 510 1283 643 1339; x_wconf 87' lang='lat' dir='ltr'><strong>conatibus</strong></span> <span class='ocrx_word' id='word_1_85' title='bbox 655 1283 780 1338; x_wconf 90' lang='lat' dir='ltr'><strong>transitus</strong></span> <span class='ocrx_word' id='word_1_86' title='bbox 788 1297 912 1350; x_wconf 78' lang='lat' dir='ltr'><strong>rernm;5</strong></span> 
     </span>
     <span class='ocr_line' id='line_1_14' title="bbox 88 1359 887 1433; baseline 0 -19"><span class='ocrx_word' id='word_1_87' title='bbox 88 1377 138 1414; x_wconf 91' lang='lat' dir='ltr'><strong>neo</strong></span> <span class='ocrx_word' id='word_1_88' title='bbox 155 1361 318 1416; x_wconf 79' lang='lat' dir='ltr'><strong>annotatione</strong></span> <span class='ocrx_word' id='word_1_89' title='bbox 337 1380 409 1433; x_wconf 82' lang='lat' dir='ltr'><strong>opus,</strong></span> <span class='ocrx_word' id='word_1_90' title='bbox 427 1361 472 1416; x_wconf 91' lang='lat' dir='ltr'><strong>uhi</strong></span> <span class='ocrx_word' id='word_1_91' title='bbox 488 1360 652 1432; x_wconf 84' lang='lat' dir='ltr'><strong>perniciosior</strong></span> <span class='ocrx_word' id='word_1_92' title='bbox 669 1359 704 1414; x_wconf 91' lang='lat' dir='ltr'><strong>sit</strong></span> <span class='ocrx_word' id='word_1_93' title='bbox 722 1359 793 1430; x_wconf 89' lang='lat' dir='ltr'><strong>quies</strong></span> <span class='ocrx_word' id='word_1_94' title='bbox 811 1377 887 1430; x_wconf 87' lang='lat' dir='ltr'><strong>quarn</strong></span> 
     </span>
    </p>

    <p class='ocr_par' dir='ltr' id='par_1_3' title="bbox 31 1435 934 2734">
     <span class='ocr_line' id='line_1_15' title="bbox 31 1435 912 1506; baseline 0.002 -15"><span class='ocrx_word' id='word_1_95' title='bbox 31 1447 33 1452; x_wconf 81' lang='grc'><strong>“</strong></span> <span class='ocrx_word' id='word_1_96' title='bbox 89 1437 230 1493; x_wconf 89' lang='lat' dir='ltr'><strong>temeritas.</strong></span> <span class='ocrx_word' id='word_1_97' title='bbox 265 1438 379 1493; x_wconf 88' lang='lat' dir='ltr'><strong>Mortem</strong></span> <span class='ocrx_word' id='word_1_98' title='bbox 395 1437 513 1493; x_wconf 89' lang='lat' dir='ltr'><strong>omuibus</strong></span> <span class='ocrx_word' id='word_1_99' title='bbox 529 1456 562 1492; x_wconf 88' lang='lat' dir='ltr'><strong>ex</strong></span> <span class='ocrx_word' id='word_1_100' title='bbox 578 1440 671 1491; x_wconf 86' lang='lat' dir='ltr'><strong>natura</strong></span> <span class='ocrx_word' id='word_1_101' title='bbox 681 1436 811 1506; x_wconf 80' lang='lat' dir='ltr'><strong>equalem,</strong></span> <span class='ocrx_word' id='word_1_102' title='bbox 824 1435 912 1493; x_wconf 86' lang='lat' dir='ltr'><strong>obli-a</strong></span> 
     </span>
     <span class='ocr_line' id='line_1_16' title="bbox 89 1513 887 1586; baseline -0.001 -18"><span class='ocrx_word' id='word_1_103' title='bbox 89 1514 165 1568; x_wconf 86' lang='lat' dir='ltr'><strong>vione</strong></span> <span class='ocrx_word' id='word_1_104' title='bbox 177 1514 245 1584; x_wconf 88' lang='lat' dir='ltr'><strong>apud</strong></span> <span class='ocrx_word' id='word_1_105' title='bbox 262 1518 377 1585; x_wconf 89' lang='lat' dir='ltr'><strong>posteros</strong></span> <span class='ocrx_word' id='word_1_106' title='bbox 395 1515 436 1570; x_wconf 87' lang='lat' dir='ltr'><strong>vel</strong></span> <span class='ocrx_word' id='word_1_107' title='bbox 448 1513 530 1586; x_wconf 86' lang='lat' dir='ltr'><strong>gloria</strong></span> <span class='ocrx_word' id='word_1_108' title='bbox 545 1513 676 1584; x_wconf 88' lang='lat' dir='ltr'><strong>distingui.</strong></span> <span class='ocrx_word' id='word_1_109' title='bbox 711 1513 751 1568; x_wconf 85' lang='lat' dir='ltr'><strong>Ac</strong></span> <span class='ocrx_word' id='word_1_110' title='bbox 763 1513 785 1568; x_wconf 90' lang='lat' dir='ltr'><strong>si</strong></span> <span class='ocrx_word' id='word_1_111' title='bbox 796 1530 887 1568; x_wconf 89' lang='lat' dir='ltr'><strong>nocen-</strong></span> 
     </span>
     <span class='ocr_line' id='line_1_17' title="bbox 90 1590 887 1663; baseline 0.003 -19"><span class='ocrx_word' id='word_1_112' title='bbox 90 1593 144 1645; x_wconf 86' lang='lat' dir='ltr'><strong>tem</strong></span> <span class='ocrx_word' id='word_1_113' title='bbox 152 1591 364 1663; x_wconf 88' lang='lat' dir='ltr'><strong>innocentemque</strong></span> <span class='ocrx_word' id='word_1_114' title='bbox 373 1591 440 1647; x_wconf 90' lang='lat' dir='ltr'><strong>idem</strong></span> <span class='ocrx_word' id='word_1_115' title='bbox 448 1593 534 1646; x_wconf 85' lang='lat' dir='ltr'><strong>exitus</strong></span> <span class='ocrx_word' id='word_1_116' title='bbox 546 1595 655 1656; x_wconf 89' lang='lat' dir='ltr'><strong>maneat,</strong></span> <span class='ocrx_word' id='word_1_117' title='bbox 664 1590 767 1646; x_wconf 88' lang='lat' dir='ltr'><strong>acrioris</strong></span> <span class='ocrx_word' id='word_1_118' title='bbox 774 1590 823 1646; x_wconf 87' lang='lat' dir='ltr'><strong>viri</strong></span> <span class='ocrx_word' id='word_1_119' title='bbox 831 1607 887 1646; x_wconf 88' lang='lat' dir='ltr'><strong>esse</strong></span> 
     </span>
     <span class='ocr_line' id='line_1_18' title="bbox 90 1666 934 1739; baseline -0.001 -18"><span class='ocrx_word' id='word_1_120' title='bbox 90 1666 182 1722; x_wconf 81' lang='lat' dir='ltr'><strong>merito</strong></span> <span class='ocrx_word' id='word_1_121' title='bbox 193 1668 283 1739; x_wconf 86' lang='lat' dir='ltr'><strong>perire.</strong></span> <span class='ocrx_word' id='word_1_122' title='bbox 314 1669 376 1724; x_wconf 89' lang='lat' dir='ltr'><strong>Non</strong></span> <span class='ocrx_word' id='word_1_123' title='bbox 383 1673 438 1724; x_wconf 91' lang='lat' dir='ltr'><strong>erat</strong></span> <span class='ocrx_word' id='word_1_124' title='bbox 446 1668 556 1724; x_wconf 91' lang='lat' dir='ltr'><strong>Othonis</strong></span> <span class='ocrx_word' id='word_1_125' title='bbox 563 1667 645 1723; x_wconf 89' lang='lat' dir='ltr'><strong>mollis</strong></span> <span class='ocrx_word' id='word_1_126' title='bbox 653 1671 680 1722; x_wconf 89' lang='lat' dir='ltr'><strong>et</strong></span> <span class='ocrx_word' id='word_1_127' title='bbox 689 1667 788 1738; x_wconf 86' lang='lat' dir='ltr'><strong>corpori</strong></span> <span class='ocrx_word' id='word_1_128' title='bbox 798 1667 886 1722; x_wconf 87' lang='lat' dir='ltr'><strong>similis</strong></span> <span class='ocrx_word' id='word_1_129' title='bbox 895 1667 934 1720; x_wconf 77' lang='grc'><strong>22</strong></span> 
     </span>
     <span class='ocr_line' id='line_1_19' title="bbox 92 1743 886 1815; baseline 0 -17"><span class='ocrx_word' id='word_1_130' title='bbox 92 1744 199 1800; x_wconf 91' lang='lat' dir='ltr'><strong>animus.</strong></span> <span class='ocrx_word' id='word_1_131' title='bbox 235 1746 271 1800; x_wconf 86' lang='lat' dir='ltr'><strong>Et</strong></span> <span class='ocrx_word' id='word_1_132' title='bbox 283 1746 367 1801; x_wconf 91' lang='lat' dir='ltr'><strong>intimi</strong></span> <span class='ocrx_word' id='word_1_133' title='bbox 378 1745 528 1802; x_wconf 88' lang='lat' dir='ltr'><strong>libertorum</strong></span> <span class='ocrx_word' id='word_1_134' title='bbox 540 1763 727 1815; x_wconf 86' lang='lat' dir='ltr'><strong>servorumque,</strong></span> <span class='ocrx_word' id='word_1_135' title='bbox 742 1743 886 1814; x_wconf 87' lang='lat' dir='ltr'><strong>corruptius</strong></span> 
     </span>
     <span class='ocr_line' id='line_1_20' title="bbox 92 1821 885 1893; baseline 0 -19"><span class='ocrx_word' id='word_1_136' title='bbox 92 1839 168 1891; x_wconf 89' lang='lat' dir='ltr'><strong>quam</strong></span> <span class='ocrx_word' id='word_1_137' title='bbox 183 1821 211 1876; x_wconf 89' lang='lat' dir='ltr'><strong>in</strong></span> <span class='ocrx_word' id='word_1_138' title='bbox 224 1823 325 1893; x_wconf 82' lang='lat' dir='ltr'><strong>privata</strong></span> <span class='ocrx_word' id='word_1_139' title='bbox 341 1822 416 1877; x_wconf 89' lang='lat' dir='ltr'><strong>domo</strong></span> <span class='ocrx_word' id='word_1_140' title='bbox 431 1822 520 1888; x_wconf 90' lang='lat' dir='ltr'><strong>habiti,</strong></span> <span class='ocrx_word' id='word_1_141' title='bbox 539 1821 623 1876; x_wconf 88' lang='lat' dir='ltr'><strong>aulam</strong></span> <span class='ocrx_word' id='word_1_142' title='bbox 638 1821 750 1876; x_wconf 90' lang='lat' dir='ltr'><strong>Neronis</strong></span> <span class='ocrx_word' id='word_1_143' title='bbox 762 1823 789 1875; x_wconf 88' lang='lat' dir='ltr'><strong>et</strong></span> <span class='ocrx_word' id='word_1_144' title='bbox 801 1821 885 1885; x_wconf 79' lang='lat' dir='ltr'><strong>luxus,</strong></span> 
     </span>
     <span class='ocr_line' id='line_1_21' title="bbox 92 1895 886 1968; baseline 0 -18"><span class='ocrx_word' id='word_1_145' title='bbox 92 1896 223 1962; x_wconf 89' lang='lat' dir='ltr'><strong>adulteria,</strong></span> <span class='ocrx_word' id='word_1_146' title='bbox 250 1899 412 1953; x_wconf 87' lang='lat' dir='ltr'><strong>matrimonia</strong></span> <span class='ocrx_word' id='word_1_147' title='bbox 436 1902 584 1968; x_wconf 87' lang='lat' dir='ltr'><strong>ceterasque</strong></span> <span class='ocrx_word' id='word_1_148' title='bbox 608 1913 745 1968; x_wconf 84' lang='lat' dir='ltr'><strong>regnorum</strong></span> <span class='ocrx_word' id='word_1_149' title='bbox 768 1895 886 1951; x_wconf 89' lang='lat' dir='ltr'><strong>libidines</strong></span> 
     </span>
     <span class='ocr_line' id='line_1_22' title="bbox 92 1972 887 2043; baseline 0 -17"><span class='ocrx_word' id='word_1_150' title='bbox 92 1973 164 2027; x_wconf 74' lang='lat' dir='ltr'><strong>audo</strong></span> <span class='ocrx_word' id='word_1_151' title='bbox 173 1973 269 2039; x_wconf 87' lang='lat' dir='ltr'><strong>talium,</strong></span> <span class='ocrx_word' id='word_1_152' title='bbox 281 1975 302 2028; x_wconf 91' lang='lat' dir='ltr'><strong>si</strong></span> <span class='ocrx_word' id='word_1_153' title='bbox 312 1975 424 2040; x_wconf 86' lang='lat' dir='ltr'><strong>auderet,</strong></span> <span class='ocrx_word' id='word_1_154' title='bbox 434 1978 465 2029; x_wconf 88' lang='lat' dir='ltr'><strong>ut</strong></span> <span class='ocrx_word' id='word_1_155' title='bbox 474 1991 521 2028; x_wconf 92' lang='lat' dir='ltr'><strong>sua</strong></span> <span class='ocrx_word' id='word_1_156' title='bbox 530 1976 697 2041; x_wconf 84' lang='lat' dir='ltr'><strong>ostentantes,</strong></span> <span class='ocrx_word' id='word_1_157' title='bbox 707 1972 847 2043; x_wconf 86' lang='lat' dir='ltr'><strong>quiescenti</strong></span> <span class='ocrx_word' id='word_1_158' title='bbox 855 1975 887 2027; x_wconf 90' lang='lat' dir='ltr'><strong>ut</strong></span> 
     </span>
     <span class='ocr_line' id='line_1_23' title="bbox 93 2048 885 2122; baseline 0.003 -20"><span class='ocrx_word' id='word_1_159' title='bbox 93 2049 173 2103; x_wconf 88' lang='lat' dir='ltr'><strong>aliena</strong></span> <span class='ocrx_word' id='word_1_160' title='bbox 197 2049 391 2120; x_wconf 83' lang='lat' dir='ltr'><strong>exprobrabant,</strong></span> <span class='ocrx_word' id='word_1_161' title='bbox 414 2050 566 2122; x_wconf 85' lang='lat' dir='ltr'><strong>urgentibus</strong></span> <span class='ocrx_word' id='word_1_162' title='bbox 590 2050 668 2104; x_wconf 86' lang='lat' dir='ltr'><strong>etiam</strong></span> <span class='ocrx_word' id='word_1_163' title='bbox 691 2048 885 2114; x_wconf 82' lang='lat' dir='ltr'><strong>mathematicis,</strong></span> 
     </span>
     <span class='ocr_line' id='line_1_24' title="bbox 92 2123 887 2191; baseline 0.003 -12"><span class='ocrx_word' id='word_1_164' title='bbox 92 2123 151 2178; x_wconf 88' lang='lat' dir='ltr'><strong>dum</strong></span> <span class='ocrx_word' id='word_1_165' title='bbox 163 2142 242 2180; x_wconf 86' lang='lat' dir='ltr'><strong>novos</strong></span> <span class='ocrx_word' id='word_1_166' title='bbox 254 2129 340 2191; x_wconf 80' lang='lat' dir='ltr'><strong>motus</strong></span> <span class='ocrx_word' id='word_1_167' title='bbox 353 2129 379 2180; x_wconf 93' lang='lat' dir='ltr'><strong>et</strong></span> <span class='ocrx_word' id='word_1_168' title='bbox 392 2125 487 2180; x_wconf 86' lang='lat' dir='ltr'><strong>clarum</strong></span> <span class='ocrx_word' id='word_1_169' title='bbox 496 2127 595 2182; x_wconf 89' lang='lat' dir='ltr'><strong>Othoni</strong></span> <span class='ocrx_word' id='word_1_170' title='bbox 607 2145 701 2180; x_wconf 89' lang='lat' dir='ltr'><strong>anuum</strong></span> <span class='ocrx_word' id='word_1_171' title='bbox 710 2125 887 2181; x_wconf 83' lang='lat' dir='ltr'><strong>observatione</strong></span> 
     </span>
     <span class='ocr_line' id='line_1_25' title="bbox 93 2201 884 2273; baseline 0 -17"><span class='ocrx_word' id='word_1_172' title='bbox 93 2201 204 2256; x_wconf 89' lang='lat' dir='ltr'><strong>siderum</strong></span> <span class='ocrx_word' id='word_1_173' title='bbox 216 2203 351 2266; x_wconf 86' lang='lat' dir='ltr'><strong>affirmant,</strong></span> <span class='ocrx_word' id='word_1_174' title='bbox 365 2220 446 2270; x_wconf 83' lang='lat' dir='ltr'><strong>genus</strong></span> <span class='ocrx_word' id='word_1_175' title='bbox 459 2203 589 2257; x_wconf 88' lang='lat' dir='ltr'><strong>hominum</strong></span> <span class='ocrx_word' id='word_1_176' title='bbox 606 2203 755 2273; x_wconf 90' lang='lat' dir='ltr'><strong>potentibus</strong></span> <span class='ocrx_word' id='word_1_177' title='bbox 771 2202 884 2268; x_wconf 86' lang='lat' dir='ltr'><strong>infidum,</strong></span> 
     </span>
     <span class='ocr_line' id='line_1_26' title="bbox 93 2275 886 2348; baseline -0.001 -15"><span class='ocrx_word' id='word_1_178' title='bbox 93 2275 255 2348; x_wconf 84' lang='lat' dir='ltr'><strong>sperantibus</strong></span> <span class='ocrx_word' id='word_1_179' title='bbox 267 2277 354 2342; x_wconf 80' lang='lat' dir='ltr'><strong>fallax,</strong></span> <span class='ocrx_word' id='word_1_180' title='bbox 368 2277 437 2348; x_wconf 89' lang='lat' dir='ltr'><strong>qnod</strong></span> <span class='ocrx_word' id='word_1_181' title='bbox 448 2278 591 2333; x_wconf 83' lang='lat' dir='ltr'><strong>incivitate</strong></span> <span class='ocrx_word' id='word_1_182' title='bbox 605 2281 694 2333; x_wconf 87' lang='lat' dir='ltr'><strong>nostra</strong></span> <span class='ocrx_word' id='word_1_183' title='bbox 711 2282 737 2332; x_wconf 90' lang='lat' dir='ltr'><strong>et</strong></span> <span class='ocrx_word' id='word_1_184' title='bbox 755 2277 886 2332; x_wconf 87' lang='lat' dir='ltr'><strong>vetabitur</strong></span> 
     </span>
     <span class='ocr_line' id='line_1_27' title="bbox 93 2353 910 2425; baseline 0 -17"><span class='ocrx_word' id='word_1_185' title='bbox 93 2371 193 2424; x_wconf 88' lang='lat' dir='ltr'><strong>semper</strong></span> <span class='ocrx_word' id='word_1_186' title='bbox 204 2357 231 2408; x_wconf 89' lang='lat' dir='ltr'><strong>et</strong></span> <span class='ocrx_word' id='word_1_187' title='bbox 243 2353 403 2409; x_wconf 86' lang='lat' dir='ltr'><strong>retinebitur.</strong></span> <span class='ocrx_word' id='word_1_188' title='bbox 440 2353 541 2408; x_wconf 90' lang='lat' dir='ltr'><strong>Multos</strong></span> <span class='ocrx_word' id='word_1_189' title='bbox 554 2358 653 2408; x_wconf 77' lang='lat' dir='ltr'><strong>secreta</strong></span> <span class='ocrx_word' id='word_1_190' title='bbox 664 2354 781 2425; x_wconf 81' lang='lat' dir='ltr'><strong>Poppaea</strong></span> <span class='ocrx_word' id='word_1_191' title='bbox 790 2355 910 2410; x_wconf 76' lang='lat' dir='ltr'><strong>matha-2</strong></span> 
     </span>
     <span class='ocr_line' id='line_1_28' title="bbox 93 2429 884 2501; baseline 0.003 -17"><span class='ocrx_word' id='word_1_192' title='bbox 93 2429 505 2501; x_wconf 81' lang='lat' dir='ltr'><strong>matieos,pessimumprincipalis</strong></span> <span class='ocrx_word' id='word_1_193' title='bbox 513 2430 884 2499; x_wconf 87' lang='lat' dir='ltr'><strong>matrimoniiinstrumentum,</strong></span> 
     </span>
     <span class='ocr_line' id='line_1_29' title="bbox 94 2506 887 2580; baseline 0.006 -20"><span class='ocrx_word' id='word_1_194' title='bbox 94 2506 232 2561; x_wconf 88' lang='lat' dir='ltr'><strong>habuerant</strong></span> <span class='ocrx_word' id='word_1_195' title='bbox 242 2529 250 2573; x_wconf 90' lang='lat'>;</span> <span class='ocrx_word' id='word_1_196' title='bbox 269 2525 283 2562; x_wconf 93' lang='lat' dir='ltr'><strong>e</strong></span> <span class='ocrx_word' id='word_1_197' title='bbox 305 2506 397 2578; x_wconf 90' lang='lat' dir='ltr'><strong>quibus</strong></span> <span class='ocrx_word' id='word_1_198' title='bbox 418 2506 574 2562; x_wconf 87' lang='lat' dir='ltr'><strong>Ptolemaeus</strong></span> <span class='ocrx_word' id='word_1_199' title='bbox 596 2507 694 2562; x_wconf 87' lang='lat' dir='ltr'><strong>Othoni</strong></span> <span class='ocrx_word' id='word_1_200' title='bbox 712 2507 740 2562; x_wconf 93' lang='lat' dir='ltr'><strong>in</strong></span> <span class='ocrx_word' id='word_1_201' title='bbox 758 2508 887 2580; x_wconf 85' lang='lat' dir='ltr'><strong>Hispania</strong></span> 
     </span>
     <span class='ocr_line' id='line_1_30' title="bbox 95 2583 884 2656; baseline 0.005 -18"><span class='ocrx_word' id='word_1_202' title='bbox 95 2601 184 2648; x_wconf 89' lang='lat' dir='ltr'><strong>comes,</strong></span> <span class='ocrx_word' id='word_1_203' title='bbox 211 2601 271 2638; x_wconf 87' lang='lat' dir='ltr'><strong>cum</strong></span> <span class='ocrx_word' id='word_1_204' title='bbox 294 2583 487 2654; x_wconf 83' lang='lat' dir='ltr'><strong>superfuturum</strong></span> <span class='ocrx_word' id='word_1_205' title='bbox 511 2602 569 2638; x_wconf 87' lang='lat' dir='ltr'><strong>eum</strong></span> <span class='ocrx_word' id='word_1_206' title='bbox 587 2584 693 2640; x_wconf 50' lang='lat' dir='ltr'><strong>¹Neroni</strong></span> <span class='ocrx_word' id='word_1_207' title='bbox 715 2585 884 2656; x_wconf 88' lang='lat' dir='ltr'><strong>promisisset,</strong></span> 
     </span>
     <span class='ocr_line' id='line_1_31' title="bbox 96 2660 886 2734; baseline 0.005 -20"><span class='ocrx_word' id='word_1_208' title='bbox 96 2663 228 2731; x_wconf 88' lang='lat' dir='ltr'><strong>postquam</strong></span> <span class='ocrx_word' id='word_1_209' title='bbox 249 2679 282 2716; x_wconf 88' lang='lat' dir='ltr'><strong>ex</strong></span> <span class='ocrx_word' id='word_1_210' title='bbox 300 2663 395 2716; x_wconf 90' lang='lat' dir='ltr'><strong>eventu</strong></span> <span class='ocrx_word' id='word_1_211' title='bbox 415 2660 485 2726; x_wconf 88' lang='lat' dir='ltr'><strong>fides,</strong></span> <span class='ocrx_word' id='word_1_212' title='bbox 508 2661 655 2733; x_wconf 89' lang='lat' dir='ltr'><strong>conjectura</strong></span> <span class='ocrx_word' id='word_1_213' title='bbox 668 2662 722 2734; x_wconf 85' lang='lat' dir='ltr'><strong>jam</strong></span> <span class='ocrx_word' id='word_1_214' title='bbox 738 2667 765 2718; x_wconf 91' lang='lat' dir='ltr'><strong>et</strong></span> <span class='ocrx_word' id='word_1_215' title='bbox 784 2681 886 2718; x_wconf 88' lang='lat' dir='ltr'><strong>rumore</strong></span> 
     </span>
    </p>
   </div>
   <div class='ocr_carea' id='block_1_3' title="bbox 97 2737 910 2964">
    <p class='ocr_par' dir='ltr' id='par_1_4' title="bbox 97 2737 910 2964">
     <span class='ocr_line' id='line_1_32' title="bbox 97 2737 887 2810; baseline 0.003 -18"><span class='ocrx_word' id='word_1_216' title='bbox 97 2737 190 2792; x_wconf 89' lang='lat' dir='ltr'><strong>senium</strong></span> <span class='ocrx_word' id='word_1_217' title='bbox 202 2737 290 2793; x_wconf 84' lang='lat' dir='ltr'><strong>Galbae</strong></span> <span class='ocrx_word' id='word_1_218' title='bbox 302 2741 329 2792; x_wconf 91' lang='lat' dir='ltr'><strong>et</strong></span> <span class='ocrx_word' id='word_1_219' title='bbox 338 2737 470 2808; x_wconf 86' lang='lat' dir='ltr'><strong>juventam</strong></span> <span class='ocrx_word' id='word_1_220' title='bbox 483 2737 592 2793; x_wconf 88' lang='lat' dir='ltr'><strong>Othonis</strong></span> <span class='ocrx_word' id='word_1_221' title='bbox 609 2740 812 2810; x_wconf 87' lang='lat' dir='ltr'><strong>computantium</strong></span> <span class='ocrx_word' id='word_1_222' title='bbox 829 2757 887 2809; x_wconf 89' lang='lat' dir='ltr'><strong>per-</strong></span> 
     </span>
     <span class='ocr_line' id='line_1_33' title="bbox 97 2813 910 2884; baseline -0.001 -16"><span class='ocrx_word' id='word_1_223' title='bbox 97 2817 207 2868; x_wconf 86' lang='lat' dir='ltr'><strong>suaserat</strong></span> <span class='ocrx_word' id='word_1_224' title='bbox 218 2813 274 2868; x_wconf 86' lang='lat' dir='ltr'><strong>iore</strong></span> <span class='ocrx_word' id='word_1_225' title='bbox 286 2817 316 2868; x_wconf 90' lang='lat' dir='ltr'><strong>ut</strong></span> <span class='ocrx_word' id='word_1_226' title='bbox 328 2813 356 2868; x_wconf 92' lang='lat' dir='ltr'><strong>in</strong></span> <span class='ocrx_word' id='word_1_227' title='bbox 367 2813 500 2884; x_wconf 88' lang='lat' dir='ltr'><strong>imperium</strong></span> <span class='ocrx_word' id='word_1_228' title='bbox 518 2813 709 2870; x_wconf 82' lang='lat' dir='ltr'><strong>adscisceretur.</strong></span> <span class='ocrx_word' id='word_1_229' title='bbox 747 2815 799 2870; x_wconf 82' lang='lat' dir='ltr'><strong>Sed</strong></span> <span class='ocrx_word' id='word_1_230' title='bbox 815 2815 910 2869; x_wconf 81' lang='lat' dir='ltr'><strong>orhos</strong></span> 
     </span>
     <span class='ocr_line' id='line_1_34' title="bbox 97 2890 884 2964; baseline -0.001 -19"><span class='ocrx_word' id='word_1_231' title='bbox 97 2901 214 2962; x_wconf 88' lang='lat' dir='ltr'><strong>tanquam</strong></span> <span class='ocrx_word' id='word_1_232' title='bbox 225 2891 318 2962; x_wconf 87' lang='lat' dir='ltr'><strong>peritia</strong></span> <span class='ocrx_word' id='word_1_233' title='bbox 329 2894 356 2948; x_wconf 87' lang='lat' dir='ltr'><strong>st</strong></span> <span class='ocrx_word' id='word_1_234' title='bbox 367 2891 467 2947; x_wconf 89' lang='lat' dir='ltr'><strong>monitu</strong></span> <span class='ocrx_word' id='word_1_235' title='bbox 478 2891 591 2947; x_wconf 86' lang='lat' dir='ltr'><strong>latorum</strong></span> <span class='ocrx_word' id='word_1_236' title='bbox 602 2892 724 2964; x_wconf 82' lang='lat' dir='ltr'><strong>predicta</strong></span> <span class='ocrx_word' id='word_1_237' title='bbox 736 2890 884 2960; x_wconf 83' lang='lat' dir='ltr'><strong>accipiebat,</strong></span> 
     </span>
    </p>
   </div>
   <div class='ocr_carea' id='block_1_4' title="bbox 0 0 1058 3204">
    <p class='ocr_par' dir='ltr' id='par_1_5' title="bbox 0 0 1058 3204">
     <span class='ocr_line' id='line_1_35' title="bbox 0 0 1058 3204; baseline 0 0"><span class='ocrx_word' id='word_1_238' title='bbox 0 0 1058 3204; x_wconf 95' lang='lat' dir='ltr'><strong> </strong></span> 
     </span>
    </p>
   </div>
  </div>
 </body>
</html>
