2070 3204
97 431 159 470 Μ).
170 431 213 481 ω’]
286 369 539 419 HISTORIARUM
558 370 578 419 1.
597 370 698 418 16-50.
860 367 891 420 a?

98 480 198 535 Claudii
215 481 334 548 furatus;
352 484 378 536 et
397 481 519 536 Claudius
537 484 640 553 postera
657 479 698 535 die
715 479 762 534 soli
780 480 891 534 omnium

97 557 175 611 Vinio
199 557 318 612 fictilibus
346 558 486 613 ministrari
511 558 598 628 jussit.
636 557 687 612 Sed
719 556 812 611 Vinius
836 564 914 627 pro-6

97 633 231 688 consulatu
241 634 347 689 Galliam
359 635 552 689 Narbonensem
562 652 649 689 severe
657 634 807 704 integreque
816 633 890 687 rexit.

96 707 162 762 Mox
175 709 261 765 Galba
274 711 386 766 amicitia
397 711 423 765 in
438 711 575 781 abruptum
593 715 701 774 tractus,
722 710 811 778 audax,
824 709 915 765 calli-7

97 783 154 850 dus,
180 791 314 857 promptus
338 791 373 852 et,
392 791 469 858 prout
488 787 598 841 animum
616 786 778 851 intendisset,
798 804 891 857 pravus

96 864 142 914 aut
165 861 315 928 industrius,
342 863 429 918 eadem
454 865 488 919 vi.
537 864 730 918 Testamentum
749 863 803 917 Titi
820 863 913 916 Vinii8

95 938 272 1008 magnitudine
290 958 367 1011 opum
385 941 506 1005 irritum;
524 940 625 994 Pisonis
644 957 785 1010 supremam
804 939 891 994 volun·

94 1017 176 1082 batem
188 1019 325 1086 paupertas
337 1017 455 1072 firmauit.
493 1017 579 1072 Galbae
592 1035 683 1086 corpus
692 1016 735 1071 diu
745 1015 889 1088 neglectum
898 1014 935 1068 49

95 1094 123 1146 et
139 1091 241 1146 licentia
257 1093 419 1148 tenebrarum
435 1093 550 1164 plurimis
568 1092 686 1147 ludibriis
704 1098 824 1148 vexatum
840 1091 890 1146 dis·

95 1172 218 1238 pensator
235 1169 339 1239 Argius,
359 1187 374 1224 e
391 1169 518 1240 prioribus
537 1169 624 1234 servis,
650 1169 739 1224 humili
760 1168 891 1239 sepultura

96 1243 123 1298 in
136 1245 244 1315 privatis
256 1245 312 1316 ejus
325 1247 406 1300 hortis
415 1243 537 1301 contexit.
558 1246 642 1315 Caput
654 1263 700 1315 per
709 1245 772 1299 bras
781 1245 913 1300 calones-2

95 1339 145 1391 que
158 1322 275 1376 suffixum
291 1322 488 1393 laceratumque,
505 1327 565 1376 ante
581 1321 694 1376 Patrobii
712 1322 838 1376 tumulum
852 1321 890 1390 (li-

94 1395 184 1452 bertus
207 1398 230 1453 is
254 1399 367 1454 Neronis
391 1399 499 1470 punitus
524 1417 539 1452 a
567 1398 647 1453 Galba
664 1398 768 1466 fuerat)
788 1401 891 1468 postera

95 1473 198 1529 demum
211 1475 252 1530 die
264 1481 394 1547 repertum
407 1480 433 1532 et
447 1479 559 1531 cremato
569 1475 622 1546 jam
636 1473 737 1544 corpori
750 1473 890 1528 admixtum

94 1554 143 1606 est.
179 1552 260 1608 Hunc
283 1553 381 1608 exitum
402 1553 492 1608 habuit
518 1552 621 1607 Servius
643 1551 730 1616 Galba,
755 1550 839 1606 tribus
863 1554 912 1608 et3

94 1628 259 1699 septuaginta
276 1631 348 1684 annis
367 1630 479 1701 quinque
498 1628 624 1700 principes
645 1646 767 1699 prospera
787 1627 891 1682 fortuna

94 1721 220 1770 emensus,
239 1709 266 1760 et
286 1707 367 1762 alieno
387 1707 493 1777 imperio
509 1705 607 1760 felicior
623 1722 699 1774 quam
715 1722 769 1758 suo,
805 1704 915 1758 Vetusi»

93 1780 122 1835 in
130 1779 225 1835 familia
233 1781 359 1848 nobilitas,
370 1800 552 1854 magnoeopes:
570 1781 620 1852 ipsi
632 1780 741 1835 medium
751 1780 888 1851 ingenium,

93 1858 176 1929 magis
197 1863 271 1915 extra
289 1861 353 1916 vitia
374 1879 449 1931 quam
471 1879 529 1915 cum
550 1859 698 1914 virtutibus.
735 1859 819 1912 Famae
842 1864 911 1914 neo5

93 1935 238 1991 incuriosus
257 1955 304 1993 nec
319 1937 471 1993 venditator.
506 1937 626 1992 Pecunia
643 1935 731 1991 abenas
747 1953 798 1990 non
815 1953 890 2006 appe-

93 2014 159 2077 tens,
171 2030 223 2066 suae
233 2031 332 2083 parcus,
341 2013 447 2084 publicae
457 2031 555 2068 avarus.
575 2013 722 2067 Amicorum
731 2012 912 2067 libertorum-6

93 2105 151 2158 que,
165 2087 209 2143 ubi
221 2089 248 2142 in
260 2089 339 2144 bonos
357 2090 497 2156 incidisset,
511 2090 565 2144 sine
577 2089 772 2159 reprehensione
784 2089 890 2159 pattena,

93 2165 188 2218 simali
197 2165 289 2230 forent,
306 2183 388 2236 usqua
405 2165 438 2220 ad
455 2167 555 2236 culpam
571 2166 684 2235 ignarus.
722 2164 773 2219 Sed
789 2165 912 2229 claritas?

91 2238 217 2294 natalium
229 2244 256 2294 et
268 2245 353 2296 metus
367 2244 511 2312 temporum
523 2241 650 2304 obtentui,
662 2244 693 2294 ut
702 2240 770 2310 quod
782 2241 893 2310 segnitia

91 2319 157 2379 arat,
172 2316 296 2386 sapientia
309 2321 451 2372 vocaretur.
489 2317 560 2370 Dum
577 2316 680 2386 vigebat
697 2319 769 2381 aetas,
788 2316 912 2372 militaris

91 2391 170 2446 laude
188 2391 256 2462 apud
275 2393 422 2447 Germanias
440 2392 536 2446 fiourit.
573 2392 624 2446 Pro
648 2391 753 2446 consule
776 2391 891 2446 Africam

91 2467 231 2534 moderate,
244 2469 296 2540 jam
309 2469 394 2524 senior
406 2469 549 2524 citeriorem
561 2467 714 2538 Hispaniam
726 2468 780 2540 pari
790 2469 892 2539 justitia

92 2543 229 2610 continuit,
249 2545 330 2616 major
353 2545 452 2616 privato
470 2545 548 2609 visus,
568 2544 629 2598 dum
646 2544 761 2615 privatus
779 2545 839 2611 fuit,
864 2549 891 2602 et

87 2620 207 2675 'omnium
220 2639 346 2676 consensu
359 2639 438 2694 capax
450 2621 556 2692 imperii,
570 2621 621 2676 nisi
632 2621 790 2693 imperasset.

130 2697 263 2767 Trepidam
276 2698 373 2764 urbem,
387 2717 417 2753 ac
429 2699 505 2754 simul
517 2699 678 2754 atrocitatem
690 2699 800 2754 recentis
813 2698 936 2756 scale-50

93 2773 137 2839 ris,
162 2774 238 2828 simul
261 2779 361 2830 veteres
385 2775 496 2830 Othonis
524 2793 608 2829 mores
637 2781 779 2845 parentem,
809 2791 891 2828 novus

92 2849 198 2919 insuper
211 2849 242 2905 de
254 2851 359 2906 Vitellio
371 2851 477 2906 nuntius
486 2851 618 2917 extermit,
631 2850 792 2905 antecedam
804 2847 891 2902 Galba

94 2940 254 2996 suppressus,
270 2930 301 2981 ut
318 2930 419 2982 tantum
436 2925 573 2997 superioris
591 2926 733 2980 Germania
751 2922 890 2978 exercitum
