2104 3022
183 129 232 176 ao4
504 121 655 172 melros

186 253 264 302 venre,
283 252 332 290 neo
349 251 408 290 osea
423 238 596 302 numerantur,
614 233 659 290 red
675 235 833 305 temperatur
850 251 880 290 ao
896 235 980 291 bonor

186 311 290 383 sanguis
315 309 404 381 implet
430 310 543 366 membra
571 317 598 366 et
622 311 739 380 exsurgit
761 311 834 376 toris,
858 312 980 382 ipsosque

163 387 277 444 9norros
294 385 386 442 rubore
401 387 468 458 tegit
485 390 512 441 et
524 386 614 442 deoore
630 387 797 443 oommeudet.
833 388 901 442 Nolo
918 389 980 444 Gor·

188 463 272 519 vinum
283 461 389 534 insequi,
403 463 463 533 quia
473 479 521 518 nee
532 481 577 532 per
590 463 674 534 iprum
686 463 767 528 stetit,
780 463 927 534 quominus
939 464 981 520 lne-

185 541 269 596 titiam
291 539 451 610 nitoremque
471 542 618 594 nostrornm
640 543 785 610 temporum
806 540 980 610 exprimeret:

185 617 329 680 viderimus,
346 615 515 686 inquantum
529 614 625 686 judioio
643 619 700 686 ejur
717 616 757 672 rie
774 619 821 671 aut
838 617 917 672 animi
934 620 981 672 aut

185 691 280 764 ingenii
292 689 427 746 suffeoerit.

140 765 178 818 22
222 765 286 822 “Ad
300 768 446 822 Ciceronem
458 767 540 832 venio,
553 767 595 823 oui
607 767 694 824 eadem
706 785 793 840 pugno
804 785 863 823 enm
878 768 982 839 equali-

185 843 233 899 bus
250 843 304 900 suis
320 843 371 898 fuit
390 862 447 914 quae
462 843 525 898 mihi
542 843 673 898 robisoom
690 848 737 900 eet.
774 843 817 898 Ilii
832 844 899 898 enim
914 844 982 898 anti·

185 939 249 992 quos
267 919 431 986 mirabantur,
449 920 505 990 ipae
525 938 630 976 enorum
647 925 791 991 temporum
810 920 982 990 eloquentiam

185 997 371 1068 anteponebut3
389 1014 436 1051 neo
448 995 501 1050 ulla
511 1015 539 1051 re
551 997 633 1067 magis
643 1001 756 1052 oratores
768 997 853 1051 atatis
864 996 981 1066 ejusdem

164 1073 318 1146 upraeourrit
342 1091 418 1144 quam
434 1071 540 1141 judicio.
576 1073 679 1128 Primus
700 1073 767 1128 enim
791 1072 902 1127 erooluit
925 1090 981 1128 ora·

185 1151 288 1214 tionem,
302 1149 398 1220 primus
411 1153 438 1203 et
451 1147 535 1203 verbis
548 1147 675 1203 dolentum
692 1147 807 1204 adhibuit
819 1152 847 1202 et
858 1149 981 1218 oomposi·

185 1225 250 1282 tioni
265 1229 361 1291 ortem3
379 1223 448 1280 locos
464 1242 565 1295 quoque
583 1225 692 1280 letiorea
709 1225 854 1290 attentarit,
867 1229 895 1279 et
906 1243 981 1296 quas-

186 1301 244 1358 dam
262 1301 401 1357 sententiae
417 1299 523 1366 invenit,
543 1301 633 1372 utique
650 1302 677 1356 in
692 1300 897 1356 morationibus
916 1319 981 1371 quas

183 1377 237 1449 jam
266 1377 351 1434 senior
375 1382 402 1432 et
423 1375 499 1448 juxta
522 1377 599 1434 finem
623 1378 684 1434 vite
707 1377 857 1448 oompornit,
881 1377 909 1431 id
931 1381 981 1444 est,

182 1457 319 1526 postquam
341 1453 422 1524 magis
446 1453 596 1523 profecerat,
621 1471 722 1525 usuque
747 1457 774 1509 et
798 1453 980 1522 experimentis

162 1527 307 1584 3didioerat
331 1527 399 1600 quod
421 1529 546 1599 optimum
571 1529 670 1586 dioendi
693 1548 775 1600 genus
798 1536 874 1584 esset.
910 1529 981 1584 Nam

182 1605 281 1676 priores
302 1603 357 1676 ejus
377 1605 506 1658 orationes
525 1622 579 1658 non
599 1610 689 1660 errent
706 1607 776 1661 vitiis
800 1604 979 1676 antiquitatis:

182 1679 269 1735 lentus
281 1683 321 1734 est
332 1679 360 1733 in
370 1678 509 1750 principiis,
522 1679 615 1752 longus
631 1681 659 1736 in
669 1681 863 1746 narrationibus,
881 1681 980 1736 otiooue

184 1757 392 1822 riroaexoeesus3
409 1753 482 1810 tarde
494 1761 675 1826 commovetur,
683 1777 740 1813 raro
751 1757 893 1824 inonleroit3
904 1757 981 1828 pauoi

183 1852 273 1890 sensus
285 1836 344 1904 apte
356 1836 383 1888 et
395 1849 454 1887 oum
465 1831 573 1904 quodam
586 1833 681 1890 lumine
693 1835 869 1890 terminantur.
906 1834 980 1888 Nihil

182 1928 328 1982 exoerpero,
340 1907 404 1964 nihii
415 1907 510 1964 referre
527 1910 625 1979 possim
644 1915 671 1966 et
680 1911 750 1966 velut
761 1911 789 1966 in
800 1910 858 1965 rudi
873 1909 979 1966 edificio

183 1988 271 2044 firmus
289 2005 349 2041 eane
361 1985 444 2057 paries
456 1989 483 2040 et
496 1984 642 2052 duraturus,
656 1986 702 2042 sed
712 2005 765 2041 non
776 1987 839 2042 satis
851 1987 980 2057 expolitur

160 2069 212 2122 bet
220 2062 365 2135 splendens.
392 2061 450 2133 Ego
462 2065 549 2116 autem
560 2066 694 2127 oratorem,
707 2063 774 2118 aient
785 2062 937 2133 loeupletem
950 2081 981 2118 ao

183 2140 281 2196 lautum
299 2143 399 2212 patrem
415 2139 523 2204 iamiliae,
537 2157 589 2193 non
604 2143 705 2194 tantum
723 2157 754 2194 eo
769 2140 827 2196 volo
842 2143 913 2194 teoto
925 2140 981 2211 tegi

183 2216 252 2290 qood
262 2217 369 2273 imbrem
386 2233 415 2270 ao
433 2220 540 2270 ventum
556 2219 649 2280 arceat,
663 2215 709 2270 red
726 2215 802 2270 etiam
815 2215 884 2287 quod
895 2216 980 2270 visum

183 2299 210 2348 et
229 2291 315 2348 oeulos
336 2291 463 2358 delectet3
483 2309 536 2346 non
556 2309 589 2348 ea
607 2291 688 2346 solum
708 2291 802 2346 instrui
821 2292 981 2361 supellectile

184 2387 240 2440 que
251 2369 400 2424 necessariis
411 2367 501 2426 usibus
514 2359 628 2430 sufficiat>
643 2367 689 2424 sed
701 2367 736 2422 sit
747 2368 775 2422 in
786 2371 910 2439 apparatu
922 2372 980 2439 ejus

183 2448 312 2497 eteorum
331 2448 357 2497 et
375 2462 490 2513 gemmae,
510 2448 538 2498 ut
558 2462 657 2499 sumere
671 2445 699 2498 in
715 2463 805 2498 manus
821 2448 848 2498 et
866 2444 981 2515 aspicere

184 2517 276 2588 eaepius
288 2515 373 2571 libeat.
410 2519 533 2577 Quaedam
551 2538 610 2574 vero
630 2519 719 2589 prooul
737 2524 871 2576 arceantur
883 2525 913 2574 ut
922 2524 934 2590 j

185 2593 320 2648 obliterata
331 2597 357 2646 et
369 2591 463 2648 olentia
473 2615 480 2660 ;
497 2595 595 2650 nullum
608 2597 642 2652 nit
659 2597 766 2652 verbum
778 2597 848 2652 velut
859 2598 980 2668 rubigine

184 2667 324 2732 inieotnm3
349 2666 414 2722 nulli
434 2687 526 2724 sensus
546 2671 625 2726 tarda
646 2676 673 2727 et
695 2673 776 2728 inerti
797 2677 932 2728 structura
951 2675 981 2730 in

493 2910 502 2940 t
