2104 3022
325 166 523 222 GERMANIA
541 171 642 224 16-21.
838 167 884 226 241

92 285 167 352 eitra,
186 287 219 342 ue
235 283 336 357 longior
352 283 487 356 cupiditas,
505 301 538 340 ue
558 286 680 356 tanquam
700 285 821 340 maritum
840 284 887 341 sed

91 366 212 434 tanquam
234 362 424 418 matrimonium
446 368 539 418 ament.
582 361 726 416 Numerum
749 360 887 416 liberorum

91 438 171 504 finire,
188 441 234 494 ant
249 455 393 510 quenquam
413 455 447 494 ex
464 438 565 511 agnatis
581 453 678 504 nccare,
697 436 824 508 flagitium
843 437 886 491 hs·

91 513 182 581 beton
201 514 308 586 plusque
319 515 356 570 ibi
371 515 432 570 boni
446 533 532 570 mores
547 513 632 570 velent
645 529 721 584 quam
737 512 798 568 alibi
813 513 886 569 tone

91 589 168 661 leges.
205 591 237 646 In
253 592 322 647 omni
337 591 412 647 domo
427 591 490 648 nudi
505 607 535 646 ec
550 589 646 646 sordidi
661 589 689 645 in
702 589 749 644 boe
766 594 846 654 ortus,
858 590 883 644 in
893 589 932 645 20

92 667 147 722 baec
160 677 273 738 corpore,
285 685 342 740 qun
357 669 485 736 miramur,
497 669 654 723 exmesouut.
690 667 743 721 Sua
758 678 885 738 quemque

92 747 173 798 mater
181 743 301 800 uberibus
311 745 363 812 alit,
372 763 419 800 nce
428 743 524 799 nncillis
534 761 563 798 ac
571 741 715 797 nutricibus
727 743 885 814 delegantur.

92 819 377 876 Dominumacstrvnm
385 820 461 874 nuliis
469 817 625 874 educationis
634 817 730 874 deliciis
740 819 909 890 dignoscam!

92 895 159 950 iuter
171 896 258 951 eedem
270 913 370 967 pecore,
383 897 410 950 iu
422 894 510 950 cedem
521 894 600 948 humo
612 893 716 964 degunt,
729 894 810 950 donee
822 900 884 950 aetes

90 975 192 1042 separet
203 972 336 1043 ingenuos,
346 972 429 1026 virtus
437 973 567 1041 agnoscat.
594 969 657 1022 Sera
661 972 785 1036 juvenum
794 986 882 1036 renus,
893 975 909 1022 8

89 1062 172 1120 eoque
183 1049 335 1102 inexhausta
351 1047 480 1116 pubertas.
517 1045 574 1100 Nec
585 1043 696 1114 virgines
714 1044 883 1112 festinantem

90 1123 180 1178 sedem
194 1125 308 1194 juventa
318 1121 406 1177 similis
418 1121 556 1192 proceritas
567 1125 573 1175 'r
591 1137 664 1191 peres
676 1119 815 1190 validaque
826 1121 884 1174 mis·

91 1196 679 1264 centunscroboraparebtumliberircferunt.
698 1196 910 1252 Sororumfiiiist

92 1273 159 1327 idem
168 1272 682 1346 spudamneulumqnsdpatremhonor.
696 1270 807 1332 Quidam
814 1289 886 1327 sane·

93 1347 184 1403 florem
196 1349 380 1420 aretiommqus
391 1350 459 1405 hune
470 1363 563 1404 nexum
575 1348 705 1420 sauguinis
719 1347 883 1414 arbitrantur,

91 1425 120 1478 ct
132 1423 159 1478 iu
171 1424 321 1496 suscipiendis
339 1425 468 1481 obsidibus
480 1426 561 1497 magis
578 1425 692 1497 exigunt,
705 1427 826 1496 tanquam
839 1425 883 1496 [ii]

92 1502 120 1554 et
132 1499 243 1556 animum
254 1501 352 1556 firmius
364 1505 391 1556 ct
406 1501 509 1556 domum
520 1502 598 1557 letius
609 1505 723 1558 teneant.
759 1501 882 1558 Heredes
894 1513 909 1559 6

92 1578 179 1631 tumen
206 1589 414 1650 successoresque
444 1579 485 1634 sui
507 1579 599 1651 cuique
621 1578 711 1646 liberi3
735 1580 762 1635 et
785 1579 884 1635 uuilon

92 1655 281 1709 testamentum.
319 1654 346 1709 Si
369 1654 442 1711 liberi
465 1663 517 1710 uon
539 1659 608 1722 suut,
633 1656 763 1728 proximus
787 1656 882 1728 gradus

92 1726 120 1781 in
137 1730 295 1798 possessione
312 1729 411 1797 iratres,
431 1733 523 1802 p'etrui,
543 1733 668 1788 ammonii.
704 1733 809 1793 Quanto
825 1733 882 1804 plus

92 1805 298 1874 propinquorum,
328 1820 379 1876 quo
404 1808 485 1878 major
512 1809 623 1863 affinium
651 1827 780 1874 numerus,
808 1813 882 1863 tanto

92 1879 228 1949 gratiosior
246 1884 382 1947 senectus3
400 1897 448 1937 nen
468 1883 521 1936 ulla
537 1883 654 1938 'orbitatis
672 1885 760 1953 pretia.
798 1885 882 1938 Susci·
891 1884 930 1944 21

91 1957 225 2023 peretum
242 1955 385 2010 inimicitias
403 1969 450 2012 seu
469 1957 557 2027 patris,
576 1975 623 2012 seu
639 1957 781 2029 propinqui,
806 1972 882 2028 quum
922 2023 926 2031 ³

92 2029 215 2084 amicitiae
227 2047 330 2085 neeesse
340 2035 388 2086 est.
426 2032 482 2087 Nec
493 2032 663 2103 implacabiles
676 2033 783 2087 durant:
801 2033 882 2089 luitur
926 2067 928 2074 ·

20 2163 21 2173 q
92 2105 160 2160 enim
171 2105 248 2161 ctiam
265 2106 427 2162 homicidium
442 2112 512 2163 'certo
528 2111 701 2164 armentorum
717 2125 746 2163 ae
762 2125 881 2178 pecorum

91 2194 205 2248 numere,
222 2183 362 2254 recipitque
378 2184 576 2240 satisfactionem
593 2185 710 2242 universa
721 2184 818 2250 domos,
831 2187 881 2242 nti·¹

92 2257 151 2312 liter
168 2258 195 2312 in
212 2258 348 2329 publicum,
367 2259 427 2331 qnia
449 2260 639 2330 periculosiores
660 2265 721 2316 suut
744 2261 882 2320 inimicitiae

88 2337 169 2404 juxta
179 2333 329 2390 libertatem.

23 2415 24 2455 ὲ
128 2410 294 2468 Convictibus
315 2415 342 2467 et
364 2412 482 2484 hospitiis
500 2427 553 2468 non
569 2413 618 2469 ulia
638 2417 701 2485 gens
722 2415 826 2473 effusius
843 2415 905 2480 imi

24 2473 25 2500 ¹
92 2486 188 2558 dulget.
235 2489 418 2561 Quemcunque
441 2490 586 2545 mortalium
610 2509 694 2547 arcere
717 2495 786 2548 tacto
809 2495 881 2551 nefas

94 2563 216 2631 habetur3
235 2583 281 2636 pro
298 2564 403 2621 fortuna
414 2567 522 2638 quisque
539 2569 666 2639 apparatis
680 2570 761 2641 epulis
777 2571 881 2642 excipit.

94 2637 159 2693 (tum
172 2639 293 2706 deiecere,
307 2641 351 2714 qui
362 2643 437 2699 modo
448 2643 541 2734 hospes
553 2645 645 2714 iuerat,
657 2649 812 2703 monstrator
823 2647 882 2702 bos·

128 2739 275 2780 rimemur.
482 2735 502 2775 n
