2086 3026
90 223 112 264 Δ
130 223 149 263 D
166 223 209 272 69]
266 159 520 210 HISTORIARUM
541 160 583 210 lV.
602 159 706 211 27-81.
842 159 888 212 175

91 291 187 344 sosque
207 271 382 344 redintegrare
403 275 532 328 conamen
545 273 629 340 jubet,
648 271 786 341 superante
803 269 889 326 multi·

91 350 184 405 tudine
202 352 228 404 et
240 349 308 404 facili
326 349 425 404 domuc.
461 349 519 404 Nec
534 349 609 403 linem
626 346 707 402 labori
723 363 775 402 nox
792 347 887 402 attulit.

92 427 230 497 (longestis
250 427 345 482 circum
366 425 441 498 lignis
460 425 629 496 accensisque,
650 423 725 479 sbnul
744 423 885 494 epulantes,
895 429 932 482 29

90 507 122 558 ut
135 504 241 574 quisque
253 503 312 559 rino
324 501 470 568 incaluerat,
484 501 516 557 od
527 519 640 574 pugnum
655 500 801 556 temeritate
818 500 887 556 inani

92 579 250 634 ferebantur.
287 579 390 651 Quippe
407 579 521 650 ipsorum
538 577 591 634 tela
607 595 653 648 per
668 577 786 633 tenebras
806 594 886 632 rana:

91 656 203 710 Romani
221 656 382 726 conspicuam
398 655 564 711 barbarorum
581 655 667 720 aciem,
685 657 712 709 et
729 654 751 709 si
768 654 825 725 quis
841 671 886 708 au-

92 731 164 787 dacia
187 736 232 787 aut
250 732 393 804 insignibus
412 732 545 803 effulgens,
564 731 597 788 ad
615 731 695 786 ictum
713 730 885 786 destinabant.

91 809 254 864 intellectum
266 809 293 864 id
305 809 388 874 Civili,
407 813 442 874 et,
459 809 582 863 restincto
593 808 660 879 igno,
677 807 778 863 misceri
793 811 907 863 cunetae

91 886 205 941 tenebris
225 889 251 940 et
269 886 345 940 armis
360 885 443 956 jubet.
479 885 545 938 'lum
562 901 623 938 vero
642 885 764 954 strepitus
781 883 884 949 dissoni,

92 978 167 1016 canus
185 961 285 1028 incerti,
303 979 386 1031 neque
408 959 515 1015 feriendi
532 977 615 1030 neque
639 959 780 1014 declinandi
802 960 886 1030 provi-

92 1036 186 1090 dentia.
223 1036 300 1090 Unde
319 1037 414 1090 clamor
432 1035 565 1099 occiderat,
583 1035 754 1106 circumagere
772 1053 884 1105 corpora,

91 1111 197 1166 tendere
209 1111 227 1182 †
238 1129 311 1166 arcus
330 1111 465 1181 (amuel).
500 1109 573 1166 Nihil
589 1109 709 1182 prodesse
726 1111 816 1178 virtus,
832 1111 908 1166 forse

92 1191 185 1242 cuncta
213 1187 324 1252 turbare,
352 1191 379 1242 et
402 1187 551 1258 ignavorum
576 1205 643 1257 saepe
666 1186 724 1242 telis
753 1187 886 1242 fortissimi

91 1263 189 1318 cadere.
234 1263 311 1334 Apud
337 1263 476 1318 Germanos
500 1263 646 1319 inconsulta
668 1263 722 1318 ira:
751 1263 885 1318 Romanus

90 1341 171 1408 mileS,
189 1341 358 1413 periculorum
376 1361 478 1413 gnarus,
496 1342 605 1397 serratas
624 1341 707 1407 sudes,
720 1341 807 1414 gravia
824 1359 885 1396 sara

89 1435 142 1472 non
153 1417 220 1474 forte
227 1418 347 1490 jaciebat.
383 1419 437 1474 Ubi
449 1437 527 1474 sonus
539 1417 696 1474 molientium
709 1419 908 1490 outappositaet

89 1494 163 1550 scalae
181 1495 281 1550 hostem
299 1497 326 1550 in
343 1513 434 1552 manus
453 1495 582 1562 dederant,
602 1495 742 1568 propellere
765 1495 883 1566 umbone,

89 1571 140 1641 pilo
153 1573 225 1642 sequi
233 1593 240 1638 ;
259 1572 353 1628 multos
363 1572 390 1628 in
398 1573 491 1629 moenia
499 1591 615 1646 egressos
625 1571 778 1645 pugionibus
787 1571 881 1628 fodere.

90 1647 132 1702 Sic
144 1649 269 1703 exhausta
280 1653 356 1705 nocte
367 1668 458 1705 novam
471 1651 551 1706 aciem
564 1651 618 1706 dies
634 1651 741 1722 aperuit.
778 1649 882 1704 Eduxe·
890 1649 928 1704 30

88 1725 883 1799 rantBataviturrimduplicitabulato,quampraetorireportae

92 1800 125 1870 (io
144 1802 302 1872 equissimus
321 1803 412 1872 locus)
432 1804 645 1874 propinquantem
665 1803 777 1874 promoti
794 1806 884 1858 contra

4 1871 5 1882 ¹
88 1876 167 1930 validi
179 1893 276 1931 asseres
288 1881 315 1931 et
323 1877 431 1932 inmissae
442 1879 528 1934 trabes
537 1879 691 1950 perfregere,
704 1879 785 1934 multa
796 1897 883 1949 super-

90 1951 214 2004 stantium
226 1952 344 2022 pernicie.
367 1955 567 2024 Pugnatumquc
578 1955 606 2008 in
617 1954 747 2024 perculsos
760 1953 845 2008 subita
856 1957 883 2008 et

92 2043 214 2098 prospera
225 2027 365 2098 eruptione.
403 2029 484 2083 Simul
496 2047 512 2082 o
526 2029 672 2099 legionariis
684 2029 776 2099 peritia
787 2033 813 2084 et
828 2037 883 2084 arte

90 2102 272 2173 praestantibua
292 2104 365 2174 plura
377 2104 549 2160 struebantur.
587 2105 749 2174 Praecipuum
765 2109 905 2174 pavorem²

87 2179 177 2234 intulit
209 2197 360 2249 suspensum
388 2184 415 2234 et
442 2184 537 2235 nutans
565 2181 803 2246 machinamentum,
832 2199 882 2252 quo

86 2259 193 2326 repente
214 2254 323 2310 demisso
347 2260 441 2327 prater
464 2273 569 2312 suornm
587 2275 633 2312 cra
650 2257 745 2328 singuli
765 2257 881 2328 pluresve

87 2331 210 2398 bostium,
231 2331 341 2388 sublime
369 2333 444 2404 rapti,
466 2349 541 2390 verso
565 2333 678 2405 pondere
702 2334 771 2390 intra
797 2341 881 2391 castra

86 2408 289 2464 effundebantur.
326 2410 422 2476 Civilis,
438 2410 533 2466 omissa
548 2411 712 2484 oppugnandi
726 2429 778 2483 spe,
791 2421 903 2468 rursusu

4 2487 5 2546 ζ
86 2485 226 2556 parotium
239 2484 374 2553 assidebat,
382 2488 480 2543 nuntiis
490 2490 517 2543 ct
525 2489 656 2560 promissis
666 2487 741 2544 fidem
750 2489 879 2561 legionum

86 2561 238 2694 cmllblbffliri
249 2639 386 2696 Germania
403 2643 462 2696 ante
480 2641 650 2698 Cremonense
668 2641 783 2712 praelium
797 2643 878 2710 gestu
886 2635 922 2689 31

4 2789 5 2792 Ἴ
86 2718 160 2784 cujus
184 2719 303 2772 eventum
322 2717 402 2774 litera
421 2717 501 2774 Primi
522 2721 628 2776 Antonii
651 2717 767 2782 docuero,
793 2714 879 2768 addito
