2070 3204
172 122 204 176 4⁸
509 113 629 166 ΤΔοΙΤΙ

803 177 839 226 [Α.
849 177 877 217 c.
888 178 913 218 c:
921 178 970 220 aaa

171 229 312 294 mortalem,
334 227 402 283 sicut
422 245 439 282 a
461 227 598 299 majoribus
620 225 772 296 accepimus,
796 226 833 282 sic
856 229 970 298 posteris

170 306 310 363 tradamus.
346 304 415 360 Nam
426 308 456 360 ut
469 323 501 360 ex
512 305 585 360 vobis
602 307 740 368 senatores,
753 304 791 358 ita
801 321 834 358 ex
845 305 969 360 senatori·

124 382 220 451 85bus
231 381 358 454 principes
371 383 537 436 nascuntur.'’
573 381 609 436 Et
621 380 702 435 oratio
715 379 747 434 ad
759 380 967 451 perstringendos

170 458 369 528 mulcendosque
393 457 502 513 militum
526 457 631 522 animos,
657 461 684 511 ct
708 456 852 511 severitatis
868 456 966 512 rmodus

172 535 345 606 (nequeenim
357 535 384 590 in
396 534 481 605 plures
494 552 569 604 quam
588 534 616 588 in
633 533 697 588 duos
710 533 876 588 animadverti
884 534 966 604 jusso·

169 613 231 682 rat)
245 616 319 683 grate
334 617 445 680 accepta,
460 610 644 681 compositique
658 609 693 664 ad
710 628 821 680 praesens
838 610 882 680 qui
897 615 966 665 oo'e'r·

148 690 222 750 tceri
239 700 291 746 non
308 692 435 760 poterant.
472 688 534 742 Non
551 692 638 742 tamen
656 689 728 758 quies
749 688 820 743 urbis
837 687 964 743 redierat:

170 767 292 838 strepitus
310 765 419 820 telorum
435 767 462 818 et
473 763 551 820 facies
563 764 630 830 belli,
644 768 671 819 et
683 765 806 820 militibus
821 768 852 820 ut
863 764 926 818 nihil
937 765 965 820 in
1027 781 1028 790 ¹

169 861 302 898 commune
320 840 491 905 turbantibus,
514 841 551 896 ita
572 841 666 911 sparsis
691 859 736 911 per
757 840 845 895 domos
863 841 964 898 occulto
1027 889 1028 908 q

169 918 267 984 habitu,
287 921 314 972 et
331 917 442 988 maligna
458 934 520 972 cura
535 916 562 971 in
578 935 674 982 omnes,
693 935 756 988 quos
778 917 896 972 nobilitas
917 921 964 972 aut

170 1013 232 1066 opes
245 997 289 1050 aut
306 994 390 1064 aliqua
401 993 508 1064 insignis
527 992 651 1048 claritudo
667 993 811 1048 rumoribus
827 993 964 1064 objecerat.

146 1071 318 1134 sl'itcllianos
334 1088 434 1142 qnoque
449 1069 542 1124 milites
559 1069 703 1125 venissem
720 1070 809 1125 urbem
827 1069 860 1124 ad
877 1070 966 1126 studia

167 1149 278 1220 partium
305 1144 432 1202 noscenda
456 1145 569 1216 plerique
597 1145 740 1202 credebant.
784 1145 860 1201 Unde
887 1146 965 1216 plena

166 1226 251 1280 omnia
269 1224 449 1294 suspicionum,
463 1226 490 1277 et
501 1222 545 1276 vix
563 1226 662 1276 secreta
677 1222 798 1277 domuum
810 1223 865 1277 sine
876 1223 965 1279 formi-

145 1300 233 1360 adine.
270 1299 322 1354 Sed
333 1299 470 1370 plurimum
482 1297 697 1369 trepidationisin
710 1299 820 1370 publico,
832 1302 863 1354 ut
876 1317 963 1370 quem·
1027 1307 1028 1324 ¹

167 1393 216 1445 que
233 1375 353 1429 nuntium
371 1375 438 1428 fama
452 1375 590 1440 attulisset,
608 1375 720 1429 animum
736 1375 886 1446 vultumque
901 1393 963 1431 con-

122 1505 125 1511 ,
166 1451 254 1516 versis,
271 1468 304 1504 nc
321 1449 436 1518 diffidere
452 1449 536 1506 dubiis
553 1469 582 1505 ac
599 1468 689 1520 parum
704 1451 816 1522 pudere
831 1453 962 1522 prosperis

144 1527 320 1584 triderentur.
357 1525 961 1584 Ooaetoveroincnriamsenatuarduusrerum

166 1603 278 1658 omnium
298 1601 396 1671 modus,
417 1621 449 1657 ne
470 1607 607 1658 contumax
630 1603 820 1671 silentiumne
841 1609 962 1674 suspecta

164 1677 276 1734 libertas.
313 1679 349 1732 Et
360 1679 459 1750 privato
471 1679 568 1735 Othoni
578 1699 660 1752 nuper
678 1683 754 1750 atque
766 1680 854 1735 eadem
864 1681 961 1738 dicenti

144 1759 227 1815 uncta
238 1753 357 1808 adulatio.
393 1755 480 1825 Igitur
495 1773 596 1811 versare
613 1757 752 1812 sententias
771 1760 798 1811 et
815 1757 866 1811 huc
881 1760 960 1828 atquc

164 1831 225 1886 illuc
236 1835 363 1902 torquere,
374 1831 475 1885 hostem
487 1834 514 1886 et
526 1833 675 1904 parricidam
685 1833 816 1888 Vitellium
829 1837 959 1900 vocantes,

164 1907 401 1979 providentissimus
414 1907 520 1980 quisque
536 1909 684 1981 vulgaribus
701 1910 838 1976 conviciis;
855 1910 960 1980 quidam

163 2005 225 2042 vera
239 1985 333 2058 probra
344 1985 436 2057 jacere,
455 1985 482 2041 in
499 1986 608 2042 clamore
625 1992 718 2053 tamen,
737 1992 764 2044 et
781 1988 827 2043 ubi
843 1987 959 2058 plurimae

163 2082 246 2134 voces,
271 2073 317 2119 aut
342 2062 456 2118 tumultu
479 2063 614 2118 verborum
632 2063 681 2119 sibi
703 2063 753 2134 ipsi
771 2064 957 2134 obstrepentes.

120 2141 285 2214 86Prodigia
296 2141 401 2212 insuper
412 2139 543 2196 terrebant
556 2139 661 2195 diversis
678 2140 825 2196 auctoribus
836 2140 957 2212 vulgata:

162 2217 327 2273 investibulo
340 2217 459 2289 Capitolii
471 2217 576 2272 omissas
588 2216 699 2272 habenas
711 2217 777 2289 bigae
789 2217 830 2272 cui
841 2216 959 2272 Victoria

162 2292 291 2348 institerat
301 2317 308 2359 ;
327 2295 441 2364 erupisse
453 2294 516 2348 cella
527 2294 544 2347 J
545 2295 635 2350 unonis
648 2294 769 2366 majorem
780 2294 890 2348 humana
901 2311 959 2364 spe·

163 2368 242 2433 ciem;
261 2373 373 2422 statuam
385 2368 436 2424 divi
448 2369 511 2422 Julii
522 2369 549 2423 in
561 2370 644 2426 insula
654 2371 766 2427 Tiberini
774 2371 854 2426 arinis
867 2388 958 2426 sereno

163 2448 190 2498 et
208 2443 313 2498 immoto
332 2443 373 2498 die
391 2445 423 2499 ab
440 2445 579 2500 Occidente
596 2447 624 2502 in
641 2449 773 2504 Orientem
791 2466 956 2514 converscm3

162 2520 324 2592 prolocutum
352 2520 380 2574 in
408 2520 514 2575 Etruria
542 2521 640 2590 bovem,
669 2525 785 2580 insolitos
812 2523 957 2580 animalium

162 2601 260 2668 partus,
273 2600 299 2650 et
311 2595 385 2665 plura
401 2597 457 2662 alia,
469 2597 576 2652 rudibus
594 2601 693 2655 smerdis
709 2602 785 2656 etiam
798 2601 826 2655 in
837 2619 898 2672 pace
910 2599 956 2655 ob-

141 2667 271 2731 2scrvata,
295 2682 351 2736 quae
371 2682 439 2722 nunc
462 2668 565 2720 tantum
582 2667 611 2722 in
630 2673 702 2724 metu
721 2670 867 2726 audiuntur.
904 2669 956 2724 Sed
1027 2703 1028 2716 r
