<?xml version="1.0" encoding="UTF-8"?>
<!DOCTYPE html PUBLIC "-//W3C//DTD XHTML 1.0 Transitional//EN"
    "http://www.w3.org/TR/xhtml1/DTD/xhtml1-transitional.dtd">
<html xmlns="http://www.w3.org/1999/xhtml" xml:lang="en" lang="en">
 <head>
  <title>
</title>
<meta http-equiv="Content-Type" content="text/html;charset=utf-8" />
  <meta name='ocr-system' content='tesseract 3.04.00' />
  <meta name='ocr-capabilities' content='ocr_page ocr_carea ocr_par ocr_line ocrx_word'/>
</head>
<body>
  <div class='ocr_page' id='page_1' title='image "./opera01tacigoog_0287.png"; bbox 0 0 2104 3022; ppageno 0'>
   <div class='ocr_carea' id='block_1_1' title="bbox 172 102 964 214">
    <p class='ocr_par' dir='ltr' id='par_1_1' title="bbox 172 102 964 214">
     <span class='ocr_line' id='line_1_1' title="bbox 172 102 625 154; baseline 0.002 -2"><span class='ocrx_word' id='word_1_1' title='bbox 172 102 220 152; x_wconf 74' lang='lat'>²80</span> <span class='ocrx_word' id='word_1_2' title='bbox 506 103 625 154; x_wconf 76' lang='lat' dir='ltr'>raom</span> 
     </span>
     <span class='ocr_line' id='line_1_2' title="bbox 688 165 964 214; baseline 0.014 -8"><span class='ocrx_word' id='word_1_3' title='bbox 688 166 722 214; x_wconf 79' lang='lat' dir='ltr'>[a</span> <span class='ocrx_word' id='word_1_4' title='bbox 732 165 964 210; x_wconf 56' lang='lat' dir='ltr'>messeanam.</span> 
     </span>
    </p>
   </div>
   <div class='ocr_carea' id='block_1_2' title="bbox 86 211 964 2723">
    <p class='ocr_par' dir='ltr' id='par_1_2' title="bbox 152 211 964 588">
     <span class='ocr_line' id='line_1_3' title="bbox 170 211 964 287; baseline 0.005 -19"><span class='ocrx_word' id='word_1_5' title='bbox 170 211 323 284; x_wconf 84' lang='lat' dir='ltr'>quillitatern</span> <span class='ocrx_word' id='word_1_6' title='bbox 340 215 417 284; x_wconf 90' lang='lat' dir='ltr'>atque</span> <span class='ocrx_word' id='word_1_7' title='bbox 434 214 516 270; x_wconf 89' lang='lat' dir='ltr'>otium</span> <span class='ocrx_word' id='word_1_8' title='bbox 532 215 634 286; x_wconf 89' lang='lat' dir='ltr'>penitus</span> <span class='ocrx_word' id='word_1_9' title='bbox 652 216 731 282; x_wconf 83' lang='lat' dir='ltr'>aurit,</span> <span class='ocrx_word' id='word_1_10' title='bbox 751 215 823 271; x_wconf 85' lang='lat' dir='ltr'>cultu</span> <span class='ocrx_word' id='word_1_11' title='bbox 839 217 964 287; x_wconf 85' lang='lat' dir='ltr'>modicus,</span> 
     </span>
     <span class='ocr_line' id='line_1_4' title="bbox 170 289 962 359; baseline 0.006 -16"><span class='ocrx_word' id='word_1_12' title='bbox 170 305 286 344; x_wconf 87' lang='lat' dir='ltr'>sermone</span> <span class='ocrx_word' id='word_1_13' title='bbox 309 289 397 358; x_wconf 80' lang='lat' dir='ltr'>laedis,</span> <span class='ocrx_word' id='word_1_14' title='bbox 418 308 469 344; x_wconf 92' lang='lat' dir='ltr'>uno</span> <span class='ocrx_word' id='word_1_15' title='bbox 489 294 535 346; x_wconf 87' lang='lat' dir='ltr'>aut</span> <span class='ocrx_word' id='word_1_16' title='bbox 555 291 635 346; x_wconf 86' lang='lat' dir='ltr'>altero</span> <span class='ocrx_word' id='word_1_17' title='bbox 658 291 795 347; x_wconf 85' lang='lat' dir='ltr'>amicorum</span> <span class='ocrx_word' id='word_1_18' title='bbox 817 293 962 359; x_wconf 87' lang='lat' dir='ltr'>comitatus,</span> 
     </span>
     <span class='ocr_line' id='line_1_5' title="bbox 169 363 963 438; baseline 0.006 -19"><span class='ocrx_word' id='word_1_19' title='bbox 169 363 233 419; x_wconf 84' lang='lat' dir='ltr'>adeo</span> <span class='ocrx_word' id='word_1_20' title='bbox 244 365 285 420; x_wconf 92' lang='lat' dir='ltr'>uti</span> <span class='ocrx_word' id='word_1_21' title='bbox 296 365 416 437; x_wconf 79' lang='lat' dir='ltr'>plerique,</span> <span class='ocrx_word' id='word_1_22' title='bbox 430 365 522 438; x_wconf 87' lang='lat' dir='ltr'>quibus</span> <span class='ocrx_word' id='word_1_23' title='bbox 538 385 643 438; x_wconf 78' lang='lat' dir='ltr'>magnos</span> <span class='ocrx_word' id='word_1_24' title='bbox 655 367 722 422; x_wconf 88' lang='lat' dir='ltr'>viros</span> <span class='ocrx_word' id='word_1_25' title='bbox 738 385 783 438; x_wconf 90' lang='lat' dir='ltr'>per</span> <span class='ocrx_word' id='word_1_26' title='bbox 799 369 963 424; x_wconf 83' lang='lat' dir='ltr'><strong>ambitionem</strong></span> 
     </span>
     <span class='ocr_line' id='line_1_6' title="bbox 169 441 963 515; baseline 0.005 -19"><span class='ocrx_word' id='word_1_27' title='bbox 169 441 295 497; x_wconf 81' lang='lat' dir='ltr'>aestimare</span> <span class='ocrx_word' id='word_1_28' title='bbox 310 460 365 497; x_wconf 90' lang='lat' dir='ltr'>mos</span> <span class='ocrx_word' id='word_1_29' title='bbox 382 445 429 508; x_wconf 86' lang='lat' dir='ltr'>est,</span> <span class='ocrx_word' id='word_1_30' title='bbox 447 442 501 498; x_wconf 85' lang='lat' dir='ltr'>viso</span> <span class='ocrx_word' id='word_1_31' title='bbox 517 447 669 514; x_wconf 89' lang='lat' dir='ltr'>aspectoque</span> <span class='ocrx_word' id='word_1_32' title='bbox 685 443 804 515; x_wconf 76' lang='lat' dir='ltr'><strong>Agricola</strong></span> <span class='ocrx_word' id='word_1_33' title='bbox 819 451 963 515; x_wconf 77' lang='lat' dir='ltr'>quaererent</span> 
     </span>
     <span class='ocr_line' id='line_1_7' title="bbox 152 515 603 588; baseline 0.009 -18"><span class='ocrx_word' id='word_1_34' title='bbox 152 535 155 542; x_wconf 69' lang='lat'>¹</span> <span class='ocrx_word' id='word_1_35' title='bbox 169 515 269 583; x_wconf 77' lang='lat' dir='ltr'>famam,</span> <span class='ocrx_word' id='word_1_36' title='bbox 282 518 357 587; x_wconf 86' lang='lat' dir='ltr'>pauci</span> <span class='ocrx_word' id='word_1_37' title='bbox 367 517 603 588; x_wconf 87' lang='lat' dir='ltr'>interpretarentur.</span> 
     </span>
    </p>

    <p class='ocr_par' dir='ltr' id='par_1_3' title="bbox 124 585 963 818">
     <span class='ocr_line' id='line_1_8' title="bbox 124 585 963 666; baseline 0.012 -24"><span class='ocrx_word' id='word_1_38' title='bbox 124 585 159 642; x_wconf 78' lang='lat'>41</span> <span class='ocrx_word' id='word_1_39' title='bbox 204 591 300 648; x_wconf 81' lang='lat' dir='ltr'>Crebro</span> <span class='ocrx_word' id='word_1_40' title='bbox 311 611 356 664; x_wconf 89' lang='lat' dir='ltr'>per</span> <span class='ocrx_word' id='word_1_41' title='bbox 368 612 411 649; x_wconf 88' lang='lat' dir='ltr'>eos</span> <span class='ocrx_word' id='word_1_42' title='bbox 423 594 477 650; x_wconf 90' lang='lat' dir='ltr'>dies</span> <span class='ocrx_word' id='word_1_43' title='bbox 493 595 561 666; x_wconf 87' lang='lat' dir='ltr'>apud</span> <span class='ocrx_word' id='word_1_44' title='bbox 572 594 746 650; x_wconf 88' lang='lat' dir='ltr'>Domitianum</span> <span class='ocrx_word' id='word_1_45' title='bbox 758 595 847 651; x_wconf 87' lang='lat' dir='ltr'>absens</span> <span class='ocrx_word' id='word_1_46' title='bbox 859 614 963 652; x_wconf 82' lang='lat' dir='ltr'>aecusa-</span> 
     </span>
     <span class='ocr_line' id='line_1_9' title="bbox 168 668 963 741; baseline 0.006 -18"><span class='ocrx_word' id='word_1_47' title='bbox 168 671 219 733; x_wconf 84' lang='lat' dir='ltr'>tus,</span> <span class='ocrx_word' id='word_1_48' title='bbox 236 668 326 724; x_wconf 85' lang='lat' dir='ltr'>absens</span> <span class='ocrx_word' id='word_1_49' title='bbox 342 669 474 726; x_wconf 85' lang='lat' dir='ltr'>absolutus</span> <span class='ocrx_word' id='word_1_50' title='bbox 492 674 539 726; x_wconf 91' lang='lat' dir='ltr'>est.</span> <span class='ocrx_word' id='word_1_51' title='bbox 577 671 660 726; x_wconf 81' lang='lat' dir='ltr'>Causa</span> <span class='ocrx_word' id='word_1_52' title='bbox 675 670 781 741; x_wconf 87' lang='lat' dir='ltr'>periculi</span> <span class='ocrx_word' id='word_1_53' title='bbox 798 690 850 726; x_wconf 92' lang='lat' dir='ltr'>non</span> <span class='ocrx_word' id='word_1_54' title='bbox 865 673 963 728; x_wconf 72' lang='lat' dir='ltr'>cumen</span> 
     </span>
     <span class='ocr_line' id='line_1_10' title="bbox 167 743 960 818; baseline 0.006 -20"><span class='ocrx_word' id='word_1_55' title='bbox 167 743 247 798; x_wconf 89' lang='lat' dir='ltr'>ullum</span> <span class='ocrx_word' id='word_1_56' title='bbox 254 748 299 799; x_wconf 90' lang='lat' dir='ltr'>aut</span> <span class='ocrx_word' id='word_1_57' title='bbox 307 745 408 816; x_wconf 87' lang='lat' dir='ltr'>querela</span> <span class='ocrx_word' id='word_1_58' title='bbox 419 746 473 802; x_wconf 74' lang='lat' dir='ltr'>laesi</span> <span class='ocrx_word' id='word_1_59' title='bbox 481 747 638 818; x_wconf 84' lang='lat' dir='ltr'>cujusquam,</span> <span class='ocrx_word' id='word_1_60' title='bbox 646 746 692 801; x_wconf 91' lang='lat' dir='ltr'>sed</span> <span class='ocrx_word' id='word_1_61' title='bbox 698 747 813 802; x_wconf 81' lang='lat' dir='ltr'>infensus</span> <span class='ocrx_word' id='word_1_62' title='bbox 820 748 960 804; x_wconf 85' lang='lat' dir='ltr'>virtutibus</span> 
     </span>
    </p>

    <p class='ocr_par' dir='ltr' id='par_1_4' title="bbox 145 823 961 972">
     <span class='ocr_line' id='line_1_11' title="bbox 145 823 961 972; baseline 0.009 -21"><span class='ocrx_word' id='word_1_63' title='bbox 145 823 961 972; x_wconf 55' lang='lat' dir='ltr'>2addubitauit,baldatltllttltt</span> 
     </span>
    </p>

    <p class='ocr_par' dir='ltr' id='par_1_5' title="bbox 94 972 960 1046">
     <span class='ocr_line' id='line_1_12' title="bbox 94 972 960 1046; baseline 0.006 -19"><span class='ocrx_word' id='word_1_64' title='bbox 94 985 158 1018; x_wconf 64' lang='lat' dir='ltr'>AM·</span> <span class='ocrx_word' id='word_1_65' title='bbox 167 972 234 1029; x_wconf 86' lang='lat' dir='ltr'>sileri</span> <span class='ocrx_word' id='word_1_66' title='bbox 249 974 393 1046; x_wconf 74' lang='lat' dir='ltr'><strong>Agricolam</strong></span> <span class='ocrx_word' id='word_1_67' title='bbox 410 994 462 1030; x_wconf 92' lang='lat' dir='ltr'>non</span> <span class='ocrx_word' id='word_1_68' title='bbox 478 976 605 1032; x_wconf 78' lang='lat' dir='ltr'>sinerent:</span> <span class='ocrx_word' id='word_1_69' title='bbox 623 979 664 1030; x_wconf 85' lang='lat' dir='ltr'>tot</span> <span class='ocrx_word' id='word_1_70' title='bbox 681 976 807 1032; x_wconf 86' lang='lat' dir='ltr'>exercitus</span> <span class='ocrx_word' id='word_1_71' title='bbox 823 977 851 1031; x_wconf 93' lang='lat' dir='ltr'>in</span> <span class='ocrx_word' id='word_1_72' title='bbox 866 977 960 1032; x_wconf 88' lang='lat' dir='ltr'>Moesia</span> 
     </span>
    </p>

    <p class='ocr_par' dir='ltr' id='par_1_6' title="bbox 97 1027 959 1124">
     <span class='ocr_line' id='line_1_13' title="bbox 97 1027 959 1124; baseline 0.006 -21"><span class='ocrx_word' id='word_1_73' title='bbox 97 1027 295 1121; x_wconf 47' lang='lat' dir='ltr'>{ljf‘Daciaque</span> <span class='ocrx_word' id='word_1_74' title='bbox 311 1055 338 1106; x_wconf 89' lang='lat' dir='ltr'>et</span> <span class='ocrx_word' id='word_1_75' title='bbox 355 1052 489 1107; x_wconf 76' lang='lat' dir='ltr'>Germania</span> <span class='ocrx_word' id='word_1_76' title='bbox 504 1055 530 1106; x_wconf 91' lang='lat' dir='ltr'>et</span> <span class='ocrx_word' id='word_1_77' title='bbox 546 1051 678 1106; x_wconf 82' lang='lat' dir='ltr'>Pannonia</span> <span class='ocrx_word' id='word_1_78' title='bbox 692 1053 837 1107; x_wconf 88' lang='lat' dir='ltr'>temeritate</span> <span class='ocrx_word' id='word_1_79' title='bbox 852 1055 897 1108; x_wconf 92' lang='lat' dir='ltr'>aut</span> <span class='ocrx_word' id='word_1_80' title='bbox 912 1072 959 1124; x_wconf 90' lang='lat' dir='ltr'>per</span> 
     </span>
    </p>

    <p class='ocr_par' dir='ltr' id='par_1_7' title="bbox 95 1123 959 2114">
     <span class='ocr_line' id='line_1_14' title="bbox 95 1123 959 1275; baseline 0.003 -17"><span class='ocrx_word' id='word_1_81' title='bbox 95 1123 959 1275; x_wconf 56' lang='lat' dir='ltr'>burtuutuuuiutuluzuulanu</span> 
     </span>
     <span class='ocr_line' id='line_1_15' title="bbox 164 1277 955 1352; baseline 0.005 -20"><span class='ocrx_word' id='word_1_82' title='bbox 164 1277 226 1350; x_wconf 85' lang='lat' dir='ltr'>ripa,</span> <span class='ocrx_word' id='word_1_83' title='bbox 237 1279 283 1334; x_wconf 83' lang='lat' dir='ltr'>se&#39;d</span> <span class='ocrx_word' id='word_1_84' title='bbox 294 1279 325 1336; x_wconf 90' lang='lat' dir='ltr'>ds</span> <span class='ocrx_word' id='word_1_85' title='bbox 338 1279 450 1336; x_wconf 88' lang='lat' dir='ltr'>hibernis</span> <span class='ocrx_word' id='word_1_86' title='bbox 458 1281 586 1352; x_wconf 90' lang='lat' dir='ltr'>legionum</span> <span class='ocrx_word' id='word_1_87' title='bbox 598 1283 625 1335; x_wconf 92' lang='lat' dir='ltr'>et</span> <span class='ocrx_word' id='word_1_88' title='bbox 633 1280 791 1351; x_wconf 73' lang='lat' dir='ltr'>possessione</span> <span class='ocrx_word' id='word_1_89' title='bbox 803 1279 955 1336; x_wconf 77' lang='lat' dir='ltr'>dubitatum.</span> 
     </span>
     <span class='ocr_line' id='line_1_16' title="bbox 143 1353 956 1428; baseline 0.007 -20"><span class='ocrx_word' id='word_1_90' title='bbox 143 1353 208 1410; x_wconf 82' lang='lat' dir='ltr'>81ts</span> <span class='ocrx_word' id='word_1_91' title='bbox 227 1373 285 1411; x_wconf 93' lang='lat' dir='ltr'>oum</span> <span class='ocrx_word' id='word_1_92' title='bbox 306 1357 399 1412; x_wconf 87' lang='lat' dir='ltr'>danma</span> <span class='ocrx_word' id='word_1_93' title='bbox 421 1357 519 1412; x_wconf 88' lang='lat' dir='ltr'>damnis</span> <span class='ocrx_word' id='word_1_94' title='bbox 539 1357 754 1423; x_wconf 76' lang='lat' dir='ltr'>continuarentur,</span> <span class='ocrx_word' id='word_1_95' title='bbox 777 1361 854 1428; x_wconf 87' lang='lat' dir='ltr'>atque</span> <span class='ocrx_word' id='word_1_96' title='bbox 874 1359 956 1414; x_wconf 74' lang='lat' dir='ltr'>omme</span> 
     </span>
     <span class='ocr_line' id='line_1_17' title="bbox 164 1432 955 1506; baseline 0.005 -20"><span class='ocrx_word' id='word_1_97' title='bbox 164 1448 245 1486; x_wconf 87' lang='lat' dir='ltr'>annus</span> <span class='ocrx_word' id='word_1_98' title='bbox 257 1432 389 1488; x_wconf 72' lang='lat' dir='ltr'>funeribus</span> <span class='ocrx_word' id='word_1_99' title='bbox 402 1436 428 1488; x_wconf 90' lang='lat' dir='ltr'>et</span> <span class='ocrx_word' id='word_1_100' title='bbox 440 1433 553 1490; x_wconf 79' lang='lat' dir='ltr'>cladibus</span> <span class='ocrx_word' id='word_1_101' title='bbox 565 1433 738 1506; x_wconf 85' lang='lat' dir='ltr'>insigniretur,</span> <span class='ocrx_word' id='word_1_102' title='bbox 748 1433 899 1504; x_wconf 87' lang='lat' dir='ltr'>poscebatur</span> <span class='ocrx_word' id='word_1_103' title='bbox 911 1453 955 1490; x_wconf 88' lang='lat' dir='ltr'>ore</span> 
     </span>
     <span class='ocr_line' id='line_1_18' title="bbox 163 1507 953 1582; baseline 0.005 -20"><span class='ocrx_word' id='word_1_104' title='bbox 163 1507 233 1578; x_wconf 82' lang='lat' dir='ltr'>vulgi</span> <span class='ocrx_word' id='word_1_105' title='bbox 256 1507 309 1562; x_wconf 86' lang='lat' dir='ltr'>dux</span> <span class='ocrx_word' id='word_1_106' title='bbox 332 1507 458 1580; x_wconf 80' lang='lat' dir='ltr'>Agricola,</span> <span class='ocrx_word' id='word_1_107' title='bbox 483 1509 687 1580; x_wconf 83' lang='lat' dir='ltr'>comparantibus</span> <span class='ocrx_word' id='word_1_108' title='bbox 711 1510 809 1566; x_wconf 83' lang='lat' dir='ltr'>cunetis</span> <span class='ocrx_word' id='word_1_109' title='bbox 833 1511 953 1582; x_wconf 85' lang='lat' dir='ltr'>vigorem,</span> 
     </span>
     <span class='ocr_line' id='line_1_19' title="bbox 162 1584 954 1656; baseline 0.008 -18"><span class='ocrx_word' id='word_1_110' title='bbox 162 1584 338 1651; x_wconf 84' lang='lat' dir='ltr'>constantiam,</span> <span class='ocrx_word' id='word_1_111' title='bbox 359 1588 385 1639; x_wconf 89' lang='lat' dir='ltr'>ct</span> <span class='ocrx_word' id='word_1_112' title='bbox 404 1589 540 1656; x_wconf 88' lang='lat' dir='ltr'>expertum</span> <span class='ocrx_word' id='word_1_113' title='bbox 559 1585 632 1640; x_wconf 86' lang='lat' dir='ltr'>bellis</span> <span class='ocrx_word' id='word_1_114' title='bbox 651 1586 763 1640; x_wconf 87' lang='lat' dir='ltr'>animum</span> <span class='ocrx_word' id='word_1_115' title='bbox 782 1604 842 1642; x_wconf 88' lang='lat' dir='ltr'>cum</span> <span class='ocrx_word' id='word_1_116' title='bbox 862 1587 954 1644; x_wconf 87' lang='lat' dir='ltr'>inertia</span> 
     </span>
     <span class='ocr_line' id='line_1_20' title="bbox 162 1658 954 1732; baseline 0.009 -20"><span class='ocrx_word' id='word_1_117' title='bbox 162 1661 189 1712; x_wconf 88' lang='lat' dir='ltr'>et</span> <span class='ocrx_word' id='word_1_118' title='bbox 201 1658 334 1714; x_wconf 87' lang='lat' dir='ltr'>formidine</span> <span class='ocrx_word' id='word_1_119' title='bbox 346 1677 442 1726; x_wconf 91' lang='lat' dir='ltr'>eorum,</span> <span class='ocrx_word' id='word_1_120' title='bbox 455 1693 473 1731; x_wconf 44' lang='lat' dir='ltr'>g</span> <span class='ocrx_word' id='word_1_121' title='bbox 484 1694 502 1730; x_wconf 49' lang='lat' dir='ltr'>g</span> <span class='ocrx_word' id='word_1_122' title='bbox 513 1693 531 1731; x_wconf 44' lang='lat' dir='ltr'>g</span> <span class='ocrx_word' id='word_1_123' title='bbox 543 1661 634 1732; x_wconf 85' lang='lat' dir='ltr'>quibus</span> <span class='ocrx_word' id='word_1_124' title='bbox 647 1662 804 1718; x_wconf 89' lang='lat' dir='ltr'>sermonibus</span> <span class='ocrx_word' id='word_1_125' title='bbox 821 1663 882 1718; x_wconf 86' lang='lat' dir='ltr'>satis</span> <span class='ocrx_word' id='word_1_126' title='bbox 894 1682 954 1719; x_wconf 88' lang='lat' dir='ltr'>oon-</span> 
     </span>
     <span class='ocr_line' id='line_1_21' title="bbox 161 1734 955 1810; baseline 0.008 -20"><span class='ocrx_word' id='word_1_127' title='bbox 161 1737 214 1790; x_wconf 86' lang='lat' dir='ltr'>etat</span> <span class='ocrx_word' id='word_1_128' title='bbox 231 1734 370 1790; x_wconf 90' lang='lat' dir='ltr'>Domitiani</span> <span class='ocrx_word' id='word_1_129' title='bbox 386 1753 487 1808; x_wconf 90' lang='lat' dir='ltr'>quoque</span> <span class='ocrx_word' id='word_1_130' title='bbox 504 1755 578 1792; x_wconf 84' lang='lat' dir='ltr'>aures</span> <span class='ocrx_word' id='word_1_131' title='bbox 593 1737 747 1804; x_wconf 89' lang='lat' dir='ltr'>verberatas,</span> <span class='ocrx_word' id='word_1_132' title='bbox 764 1738 822 1794; x_wconf 92' lang='lat' dir='ltr'>dum</span> <span class='ocrx_word' id='word_1_133' title='bbox 841 1737 955 1810; x_wconf 78' lang='lat' dir='ltr'>optimus</span> 
     </span>
     <span class='ocr_line' id='line_1_22' title="bbox 162 1811 953 1886; baseline 0.008 -20"><span class='ocrx_word' id='word_1_134' title='bbox 162 1811 269 1883; x_wconf 86' lang='lat' dir='ltr'>quisque</span> <span class='ocrx_word' id='word_1_135' title='bbox 286 1811 435 1868; x_wconf 88' lang='lat' dir='ltr'>libertorum</span> <span class='ocrx_word' id='word_1_136' title='bbox 452 1831 537 1869; x_wconf 89' lang='lat' dir='ltr'>amore</span> <span class='ocrx_word' id='word_1_137' title='bbox 554 1819 582 1868; x_wconf 90' lang='lat' dir='ltr'>et</span> <span class='ocrx_word' id='word_1_138' title='bbox 598 1813 655 1879; x_wconf 92' lang='lat' dir='ltr'>fide,</span> <span class='ocrx_word' id='word_1_139' title='bbox 675 1815 778 1885; x_wconf 87' lang='lat' dir='ltr'>pessimi</span> <span class='ocrx_word' id='word_1_140' title='bbox 795 1815 953 1886; x_wconf 79' lang='lat' dir='ltr'>malignitate</span> 
     </span>
     <span class='ocr_line' id='line_1_23' title="bbox 161 1887 951 1962; baseline 0.006 -19"><span class='ocrx_word' id='word_1_141' title='bbox 161 1892 188 1943; x_wconf 90' lang='lat' dir='ltr'>et</span> <span class='ocrx_word' id='word_1_142' title='bbox 199 1887 278 1944; x_wconf 83' lang='lat' dir='ltr'>livore</span> <span class='ocrx_word' id='word_1_143' title='bbox 289 1906 398 1959; x_wconf 90' lang='lat' dir='ltr'>pronum</span> <span class='ocrx_word' id='word_1_144' title='bbox 409 1889 576 1945; x_wconf 87' lang='lat' dir='ltr'>deterioribus</span> <span class='ocrx_word' id='word_1_145' title='bbox 590 1890 729 1962; x_wconf 90' lang='lat' dir='ltr'>prinoipem</span> <span class='ocrx_word' id='word_1_146' title='bbox 745 1892 951 1948; x_wconf 86' lang='lat' dir='ltr'>exstimulabant.</span> 
     </span>
     <span class='ocr_line' id='line_1_24' title="bbox 134 1963 952 2036; baseline 0.012 -22"><span class='ocrx_word' id='word_1_147' title='bbox 134 1963 204 2020; x_wconf 67' lang='lat' dir='ltr'>abio</span> <span class='ocrx_word' id='word_1_148' title='bbox 219 1965 339 2036; x_wconf 82' lang='lat' dir='ltr'>Agricola</span> <span class='ocrx_word' id='word_1_149' title='bbox 355 1965 430 2021; x_wconf 89' lang='lat' dir='ltr'>simul</span> <span class='ocrx_word' id='word_1_150' title='bbox 446 1966 499 2021; x_wconf 84' lang='lat' dir='ltr'>auis</span> <span class='ocrx_word' id='word_1_151' title='bbox 515 1965 654 2022; x_wconf 87' lang='lat' dir='ltr'>virtutibus</span> <span class='ocrx_word' id='word_1_152' title='bbox 671 1966 745 2021; x_wconf 78' lang='lat' dir='ltr'>simul</span> <span class='ocrx_word' id='word_1_153' title='bbox 760 1967 830 2022; x_wconf 88' lang='lat' dir='ltr'>vitiis</span> <span class='ocrx_word' id='word_1_154' title='bbox 846 1968 952 2024; x_wconf 80' lang='lat' dir='ltr'>alionum</span> 
     </span>
     <span class='ocr_line' id='line_1_25' title="bbox 159 2040 660 2114; baseline 0.004 -19"><span class='ocrx_word' id='word_1_155' title='bbox 159 2040 188 2094; x_wconf 91' lang='lat' dir='ltr'>iu</span> <span class='ocrx_word' id='word_1_156' title='bbox 198 2040 279 2111; x_wconf 89' lang='lat' dir='ltr'>ipsam</span> <span class='ocrx_word' id='word_1_157' title='bbox 290 2042 396 2114; x_wconf 90' lang='lat' dir='ltr'>gloriam</span> <span class='ocrx_word' id='word_1_158' title='bbox 407 2060 518 2114; x_wconf 71' lang='lat' dir='ltr'>preceps</span> <span class='ocrx_word' id='word_1_159' title='bbox 530 2041 660 2113; x_wconf 86' lang='lat' dir='ltr'>agebatur.</span> 
     </span>
    </p>

    <p class='ocr_par' dir='ltr' id='par_1_8' title="bbox 86 2115 950 2419">
     <span class='ocr_line' id='line_1_26' title="bbox 115 2115 950 2189; baseline 0.008 -20"><span class='ocrx_word' id='word_1_160' title='bbox 115 2115 154 2170; x_wconf 82' lang='lat'>42</span> <span class='ocrx_word' id='word_1_161' title='bbox 194 2115 291 2173; x_wconf 82' lang='lat' dir='ltr'>Aderat</span> <span class='ocrx_word' id='word_1_162' title='bbox 299 2121 456 2189; x_wconf 82' lang='lat' dir='ltr'>jam&#39;annus,</span> <span class='ocrx_word' id='word_1_163' title='bbox 465 2136 516 2189; x_wconf 91' lang='lat' dir='ltr'>quo</span> <span class='ocrx_word' id='word_1_164' title='bbox 527 2117 735 2188; x_wconf 79' lang='lat' dir='ltr'>proconsulatum</span> <span class='ocrx_word' id='word_1_165' title='bbox 743 2117 812 2173; x_wconf 77' lang='lat' dir='ltr'>Asia</span> <span class='ocrx_word' id='word_1_166' title='bbox 823 2121 850 2174; x_wconf 93' lang='lat' dir='ltr'>et</span> <span class='ocrx_word' id='word_1_167' title='bbox 857 2119 950 2176; x_wconf 68' lang='lat' dir='ltr'>Africa</span> 
     </span>
     <span class='ocr_line' id='line_1_27' title="bbox 86 2193 949 2277; baseline 0.007 -32"><span class='ocrx_word' id='word_1_168' title='bbox 86 2193 303 2277; x_wconf 51' lang='lat' dir='ltr'>¹³5⁰·sortiretur,</span> <span class='ocrx_word' id='word_1_169' title='bbox 319 2198 346 2250; x_wconf 93' lang='lat' dir='ltr'>et</span> <span class='ocrx_word' id='word_1_170' title='bbox 363 2194 446 2250; x_wconf 85' lang='lat' dir='ltr'>occiso</span> <span class='ocrx_word' id='word_1_171' title='bbox 465 2195 552 2250; x_wconf 81' lang='lat' dir='ltr'>Civica</span> <span class='ocrx_word' id='word_1_172' title='bbox 568 2213 657 2266; x_wconf 91' lang='lat' dir='ltr'>nuper,</span> <span class='ocrx_word' id='word_1_173' title='bbox 676 2212 724 2250; x_wconf 91' lang='lat' dir='ltr'>neo</span> <span class='ocrx_word' id='word_1_174' title='bbox 745 2195 870 2266; x_wconf 81' lang='lat' dir='ltr'>Agricolae</span> <span class='ocrx_word' id='word_1_175' title='bbox 891 2213 949 2251; x_wconf 91' lang='lat' dir='ltr'>oon-</span> 
     </span>
     <span class='ocr_line' id='line_1_28' title="bbox 90 2265 949 2341; baseline 0.007 -19"><span class='ocrx_word' id='word_1_176' title='bbox 90 2265 140 2326; x_wconf 69' lang='lat' dir='ltr'>sa‘</span> <span class='ocrx_word' id='word_1_177' title='bbox 160 2269 245 2324; x_wconf 79' lang='lat' dir='ltr'>silium</span> <span class='ocrx_word' id='word_1_178' title='bbox 265 2270 352 2326; x_wconf 88' lang='lat' dir='ltr'>deerat</span> <span class='ocrx_word' id='word_1_179' title='bbox 375 2289 422 2326; x_wconf 89' lang='lat' dir='ltr'>neo</span> <span class='ocrx_word' id='word_1_180' title='bbox 445 2271 592 2326; x_wconf 86' lang='lat' dir='ltr'>Domitiano</span> <span class='ocrx_word' id='word_1_181' title='bbox 616 2271 769 2341; x_wconf 89' lang='lat' dir='ltr'>exemplum.</span> <span class='ocrx_word' id='word_1_182' title='bbox 812 2273 949 2328; x_wconf 80' lang='lat' dir='ltr'>Accessere</span> 
     </span>
     <span class='ocr_line' id='line_1_29' title="bbox 98 2333 949 2419; baseline 0.008 -22"><span class='ocrx_word' id='word_1_183' title='bbox 98 2333 130 2375; x_wconf 77' lang='lat'>⁹⁰·</span> <span class='ocrx_word' id='word_1_184' title='bbox 160 2339 262 2414; x_wconf 90' lang='lat' dir='ltr'>quidam</span> <span class='ocrx_word' id='word_1_185' title='bbox 279 2347 462 2418; x_wconf 86' lang='lat' dir='ltr'>cogitationum</span> <span class='ocrx_word' id='word_1_186' title='bbox 479 2347 601 2417; x_wconf 91' lang='lat' dir='ltr'>principis</span> <span class='ocrx_word' id='word_1_187' title='bbox 619 2348 703 2418; x_wconf 90' lang='lat' dir='ltr'>periti,</span> <span class='ocrx_word' id='word_1_188' title='bbox 717 2347 761 2419; x_wconf 92' lang='lat' dir='ltr'>qui</span> <span class='ocrx_word' id='word_1_189' title='bbox 778 2347 895 2403; x_wconf 87' lang='lat' dir='ltr'>iturusne</span> <span class='ocrx_word' id='word_1_190' title='bbox 910 2367 949 2404; x_wconf 88' lang='lat' dir='ltr'>es-</span> 
     </span>
    </p>

    <p class='ocr_par' dir='ltr' id='par_1_9' title="bbox 137 2419 948 2723">
     <span class='ocr_line' id='line_1_30' title="bbox 137 2419 948 2494; baseline 0.011 -23"><span class='ocrx_word' id='word_1_191' title='bbox 137 2421 199 2472; x_wconf 69' lang='lat' dir='ltr'>tset</span> <span class='ocrx_word' id='word_1_192' title='bbox 211 2419 280 2474; x_wconf 86' lang='lat' dir='ltr'>ultro</span> <span class='ocrx_word' id='word_1_193' title='bbox 291 2422 435 2491; x_wconf 74' lang='lat' dir='ltr'>Agricolam</span> <span class='ocrx_word' id='word_1_194' title='bbox 447 2423 641 2494; x_wconf 86' lang='lat' dir='ltr'>interrogarent.</span> <span class='ocrx_word' id='word_1_195' title='bbox 678 2425 718 2479; x_wconf 86' lang='lat' dir='ltr'>Ac</span> <span class='ocrx_word' id='word_1_196' title='bbox 730 2423 812 2494; x_wconf 90' lang='lat' dir='ltr'>primo</span> <span class='ocrx_word' id='word_1_197' title='bbox 824 2425 948 2481; x_wconf 83' lang='lat' dir='ltr'>oecultius</span> 
     </span>
     <span class='ocr_line' id='line_1_31' title="bbox 158 2491 946 2573; baseline 0.015 -29"><span class='ocrx_word' id='word_1_198' title='bbox 158 2491 270 2561; x_wconf 88' lang='lat' dir='ltr'>quietem</span> <span class='ocrx_word' id='word_1_199' title='bbox 290 2499 316 2548; x_wconf 91' lang='lat' dir='ltr'>et</span> <span class='ocrx_word' id='word_1_200' title='bbox 334 2496 415 2549; x_wconf 88' lang='lat' dir='ltr'>otium</span> <span class='ocrx_word' id='word_1_201' title='bbox 434 2497 544 2564; x_wconf 76' lang='lat' dir='ltr'>badare,</span> <span class='ocrx_word' id='word_1_202' title='bbox 566 2517 627 2554; x_wconf 85' lang='lat' dir='ltr'>mox</span> <span class='ocrx_word' id='word_1_203' title='bbox 644 2517 747 2570; x_wconf 90' lang='lat' dir='ltr'>operam</span> <span class='ocrx_word' id='word_1_204' title='bbox 768 2517 841 2554; x_wconf 86' lang='lat' dir='ltr'>suam</span> <span class='ocrx_word' id='word_1_205' title='bbox 858 2501 886 2556; x_wconf 92' lang='lat' dir='ltr'>in</span> <span class='ocrx_word' id='word_1_206' title='bbox 904 2519 946 2573; x_wconf 85' lang='lat' dir='ltr'>ap-</span> 
     </span>
     <span class='ocr_line' id='line_1_32' title="bbox 153 2565 947 2653; baseline 0.018 -34"><span class='ocrx_word' id='word_1_207' title='bbox 153 2565 287 2653; x_wconf 77' lang='lat' dir='ltr'>probanda</span> <span class='ocrx_word' id='word_1_208' title='bbox 309 2570 473 2626; x_wconf 86' lang='lat' dir='ltr'>excusatione</span> <span class='ocrx_word' id='word_1_209' title='bbox 491 2574 590 2640; x_wconf 80' lang='lat' dir='ltr'>offerre,</span> <span class='ocrx_word' id='word_1_210' title='bbox 611 2579 740 2646; x_wconf 86' lang='lat' dir='ltr'>postremo</span> <span class='ocrx_word' id='word_1_211' title='bbox 761 2593 813 2630; x_wconf 92' lang='lat' dir='ltr'>non</span> <span class='ocrx_word' id='word_1_212' title='bbox 829 2579 885 2646; x_wconf 87' lang='lat' dir='ltr'>jam</span> <span class='ocrx_word' id='word_1_213' title='bbox 905 2577 947 2633; x_wconf 89' lang='lat' dir='ltr'>ob·</span> 
     </span>
     <span class='ocr_line' id='line_1_33' title="bbox 156 2640 944 2723; baseline 0.02 -29"><span class='ocrx_word' id='word_1_214' title='bbox 156 2656 224 2696; x_wconf 74' lang='lat' dir='ltr'>soum</span> <span class='ocrx_word' id='word_1_215' title='bbox 243 2640 378 2700; x_wconf 85' lang='lat' dir='ltr'>suadentes</span> <span class='ocrx_word' id='word_1_216' title='bbox 394 2644 469 2700; x_wconf 88' lang='lat' dir='ltr'>simul</span> <span class='ocrx_word' id='word_1_217' title='bbox 486 2651 662 2722; x_wconf 88' lang='lat' dir='ltr'>terrentesque</span> <span class='ocrx_word' id='word_1_218' title='bbox 677 2655 827 2723; x_wconf 83' lang='lat' dir='ltr'>pertraxere</span> <span class='ocrx_word' id='word_1_219' title='bbox 843 2653 875 2708; x_wconf 87' lang='lat' dir='ltr'>sd</span> <span class='ocrx_word' id='word_1_220' title='bbox 893 2654 944 2710; x_wconf 80' lang='lat' dir='ltr'>Do</span> 
     </span>
    </p>
   </div>
   <div class='ocr_carea' id='block_1_3' title="bbox 0 0 1056 3022">
    <p class='ocr_par' dir='ltr' id='par_1_10' title="bbox 0 0 1056 3022">
     <span class='ocr_line' id='line_1_34' title="bbox 0 0 1056 3022; baseline 0 7"><span class='ocrx_word' id='word_1_221' title='bbox 0 0 1056 3022; x_wconf 95' lang='lat' dir='ltr'> </span> 
     </span>
    </p>
   </div>
  </div>
 </body>
</html>
