<?xml version="1.0" encoding="UTF-8"?>
<!DOCTYPE html PUBLIC "-//W3C//DTD XHTML 1.0 Transitional//EN"
    "http://www.w3.org/TR/xhtml1/DTD/xhtml1-transitional.dtd">
<html xmlns="http://www.w3.org/1999/xhtml" xml:lang="en" lang="en">
 <head>
  <title>
</title>
<meta http-equiv="Content-Type" content="text/html;charset=utf-8" />
  <meta name='ocr-system' content='tesseract 3.04.00' />
  <meta name='ocr-capabilities' content='ocr_page ocr_carea ocr_par ocr_line ocrx_word'/>
</head>
<body>
  <div class='ocr_page' id='page_1' title='image "./opera01tacigoog_0099.png"; bbox 0 0 2096 3038; ppageno 0'>
   <div class='ocr_carea' id='block_1_1' title="bbox 144 145 713 195">
    <p class='ocr_par' dir='ltr' id='par_1_1' title="bbox 144 145 713 195">
     <span class='ocr_line' id='line_1_1' title="bbox 144 145 713 195; baseline 0.002 -3"><span class='ocrx_word' id='word_1_1' title='bbox 144 147 175 195; x_wconf 74' lang='lat'><strong>92</strong></span> <span class='ocrx_word' id='word_1_2' title='bbox 480 145 601 194; x_wconf 75' lang='lat' dir='ltr'>TACITI</span> <span class='ocrx_word' id='word_1_3' title='bbox 704 145 713 155; x_wconf 89' lang='lat'><strong>&#39;&#39;</strong></span> 
     </span>
    </p>
   </div>
   <div class='ocr_carea' id='block_1_2' title="bbox 780 207 1043 268">
    <p class='ocr_par' dir='ltr' id='par_1_2' title="bbox 780 207 1043 268">
     <span class='ocr_line' id='line_1_2' title="bbox 780 207 1043 268; baseline 0.004 -21"><span class='ocrx_word' id='word_1_4' title='bbox 780 207 940 268; x_wconf 65' lang='lat' dir='ltr'><strong>mnam.</strong></span> <span class='ocrx_word' id='word_1_5' title='bbox 1042 215 1043 232; x_wconf 65' lang='grc' dir='ltr'>ι</span> 
     </span>
    </p>
   </div>
   <div class='ocr_carea' id='block_1_3' title="bbox 99 254 944 786">
    <p class='ocr_par' dir='ltr' id='par_1_3' title="bbox 99 254 944 786">
     <span class='ocr_line' id='line_1_3' title="bbox 105 254 943 322; baseline 0.002 -12"><span class='ocrx_word' id='word_1_6' title='bbox 105 274 108 278; x_wconf 89' lang='lat'>·</span> <span class='ocrx_word' id='word_1_7' title='bbox 143 255 175 310; x_wconf 87' lang='lat' dir='ltr'><strong>ad</strong></span> <span class='ocrx_word' id='word_1_8' title='bbox 192 273 291 310; x_wconf 89' lang='lat' dir='ltr'><strong>summa</strong></span> <span class='ocrx_word' id='word_1_9' title='bbox 307 254 405 311; x_wconf 79' lang='lat' dir='ltr'><strong>militie</strong></span> <span class='ocrx_word' id='word_1_10' title='bbox 422 259 578 322; x_wconf 82' lang='lat' dir='ltr'><strong>provectum.</strong></span> <span class='ocrx_word' id='word_1_11' title='bbox 614 255 727 311; x_wconf 75' lang='lat' dir='ltr'>Facilius</span> <span class='ocrx_word' id='word_1_12' title='bbox 745 274 877 312; x_wconf 80' lang='lat' dir='ltr'><strong>universos</strong></span> <span class='ocrx_word' id='word_1_13' title='bbox 895 259 943 312; x_wconf 87' lang='lat' dir='ltr'><strong>irn-</strong></span> 
     </span>
     <span class='ocr_line' id='line_1_4' title="bbox 99 331 944 403; baseline 0.001 -16"><span class='ocrx_word' id='word_1_14' title='bbox 99 335 135 396; x_wconf 78' lang='lat'><strong>76</strong></span> <span class='ocrx_word' id='word_1_15' title='bbox 143 333 202 403; x_wconf 93' lang='lat' dir='ltr'><strong>pelli</strong></span> <span class='ocrx_word' id='word_1_16' title='bbox 226 345 301 403; x_wconf 88' lang='lat' dir='ltr'><strong>quam</strong></span> <span class='ocrx_word' id='word_1_17' title='bbox 319 332 432 403; x_wconf 86' lang='lat' dir='ltr'><strong>singulos</strong></span> <span class='ocrx_word' id='word_1_18' title='bbox 456 333 539 387; x_wconf 84' lang='lat' dir='ltr'><strong>vitari.</strong></span> <span class='ocrx_word' id='word_1_19' title='bbox 576 333 627 387; x_wconf 85' lang='lat' dir='ltr'><strong>His</strong></span> <span class='ocrx_word' id='word_1_20' title='bbox 648 331 785 403; x_wconf 81' lang='lat' dir='ltr'>pavoribus</span> <span class='ocrx_word' id='word_1_21' title='bbox 807 337 944 388; x_wconf 89' lang='lat' dir='ltr'><strong>nutantem</strong></span> 
     </span>
     <span class='ocr_line' id='line_1_5' title="bbox 142 408 943 480; baseline 0.001 -16"><span class='ocrx_word' id='word_1_22' title='bbox 142 413 170 464; x_wconf 89' lang='lat' dir='ltr'><strong>et</strong></span> <span class='ocrx_word' id='word_1_23' title='bbox 193 409 236 464; x_wconf 86' lang='lat' dir='ltr'><strong>alii</strong></span> <span class='ocrx_word' id='word_1_24' title='bbox 258 409 338 479; x_wconf 86' lang='lat' dir='ltr'><strong>legati</strong></span> <span class='ocrx_word' id='word_1_25' title='bbox 357 409 480 479; x_wconf 87' lang='lat' dir='ltr'><strong>amicique</strong></span> <span class='ocrx_word' id='word_1_26' title='bbox 501 408 642 474; x_wconf 84' lang='lat' dir='ltr'><strong>firmabant,</strong></span> <span class='ocrx_word' id='word_1_27' title='bbox 665 412 692 462; x_wconf 92' lang='lat' dir='ltr'><strong>et</strong></span> <span class='ocrx_word' id='word_1_28' title='bbox 716 409 862 477; x_wconf 79' lang='lat' dir='ltr'><strong>Mucianus,</strong></span> <span class='ocrx_word' id='word_1_29' title='bbox 883 415 943 480; x_wconf 88' lang='lat' dir='ltr'><strong>post</strong></span> 
     </span>
     <span class='ocr_line' id='line_1_6' title="bbox 142 485 944 556; baseline 0 -16"><span class='ocrx_word' id='word_1_30' title='bbox 142 486 236 540; x_wconf 90' lang='lat' dir='ltr'><strong>multos</strong></span> <span class='ocrx_word' id='word_1_31' title='bbox 246 489 407 556; x_wconf 83' lang='lat' dir='ltr'><strong>secretosque</strong></span> <span class='ocrx_word' id='word_1_32' title='bbox 416 503 544 540; x_wconf 78' lang='lat' dir='ltr'>sermones</span> <span class='ocrx_word' id='word_1_33' title='bbox 554 485 606 556; x_wconf 83' lang='lat' dir='ltr'><strong>jam</strong></span> <span class='ocrx_word' id='word_1_34' title='bbox 616 489 642 539; x_wconf 91' lang='lat' dir='ltr'><strong>et</strong></span> <span class='ocrx_word' id='word_1_35' title='bbox 651 502 736 539; x_wconf 90' lang='lat' dir='ltr'><strong>coram</strong></span> <span class='ocrx_word' id='word_1_36' title='bbox 744 485 889 540; x_wconf 89' lang='lat' dir='ltr'><strong>italoeutus</strong></span> <span class='ocrx_word' id='word_1_37' title='bbox 900 510 944 540; x_wconf 89' lang='lat'><strong>:-</strong></span> 
     </span>
     <span class='ocr_line' id='line_1_7' title="bbox 121 561 943 633; baseline 0 -17"><span class='ocrx_word' id='word_1_38' title='bbox 121 563 161 608; x_wconf 83' lang='lat'><strong>2“</strong></span> <span class='ocrx_word' id='word_1_39' title='bbox 173 563 268 617; x_wconf 85' lang='lat' dir='ltr'><strong>Omnes</strong></span> <span class='ocrx_word' id='word_1_40' title='bbox 281 563 326 633; x_wconf 90' lang='lat' dir='ltr'><strong>qui</strong></span> <span class='ocrx_word' id='word_1_41' title='bbox 338 580 486 633; x_wconf 86' lang='lat' dir='ltr'><strong>magnarum</strong></span> <span class='ocrx_word' id='word_1_42' title='bbox 498 580 583 616; x_wconf 89' lang='lat' dir='ltr'><strong>rerum</strong></span> <span class='ocrx_word' id='word_1_43' title='bbox 592 561 697 616; x_wconf 87' lang='lat' dir='ltr'><strong>consilia</strong></span> <span class='ocrx_word' id='word_1_44' title='bbox 709 561 860 632; x_wconf 87' lang='lat' dir='ltr'><strong>suscipiunt,</strong></span> <span class='ocrx_word' id='word_1_45' title='bbox 874 562 943 616; x_wconf 79' lang='lat' dir='ltr'><strong>asti·</strong></span> 
     </span>
     <span class='ocr_line' id='line_1_8' title="bbox 142 637 941 709; baseline -0.001 -16"><span class='ocrx_word' id='word_1_46' title='bbox 142 657 211 694; x_wconf 87' lang='lat' dir='ltr'><strong>mare</strong></span> <span class='ocrx_word' id='word_1_47' title='bbox 231 638 324 694; x_wconf 89' lang='lat' dir='ltr'><strong>debent</strong></span> <span class='ocrx_word' id='word_1_48' title='bbox 341 657 374 694; x_wconf 87' lang='lat' dir='ltr'><strong>an</strong></span> <span class='ocrx_word' id='word_1_49' title='bbox 390 638 459 709; x_wconf 91' lang='lat' dir='ltr'><strong>quod</strong></span> <span class='ocrx_word' id='word_1_50' title='bbox 476 638 610 692; x_wconf 86' lang='lat' dir='ltr'><strong>inchoatur</strong></span> <span class='ocrx_word' id='word_1_51' title='bbox 627 637 771 708; x_wconf 83' lang='lat' dir='ltr'><strong>reipublicae</strong></span> <span class='ocrx_word' id='word_1_52' title='bbox 789 638 860 702; x_wconf 87' lang='lat' dir='ltr'><strong>utile,</strong></span> <span class='ocrx_word' id='word_1_53' title='bbox 879 639 941 708; x_wconf 90' lang='lat' dir='ltr'><strong>ipsis</strong></span> 
     </span>
     <span class='ocr_line' id='line_1_9' title="bbox 143 713 942 786; baseline 0.001 -18"><span class='ocrx_word' id='word_1_54' title='bbox 143 715 289 786; x_wconf 88' lang='lat' dir='ltr'><strong>gloriosum,</strong></span> <span class='ocrx_word' id='word_1_55' title='bbox 303 719 348 770; x_wconf 90' lang='lat' dir='ltr'><strong>aut</strong></span> <span class='ocrx_word' id='word_1_56' title='bbox 360 719 507 786; x_wconf 88' lang='lat' dir='ltr'><strong>promptum</strong></span> <span class='ocrx_word' id='word_1_57' title='bbox 520 714 619 779; x_wconf 89' lang='lat' dir='ltr'><strong>effectu,</strong></span> <span class='ocrx_word' id='word_1_58' title='bbox 634 720 678 768; x_wconf 89' lang='lat' dir='ltr'><strong>aut</strong></span> <span class='ocrx_word' id='word_1_59' title='bbox 691 719 760 769; x_wconf 85' lang='lat' dir='ltr'><strong>certe</strong></span> <span class='ocrx_word' id='word_1_60' title='bbox 772 731 823 769; x_wconf 91' lang='lat' dir='ltr'><strong>non</strong></span> <span class='ocrx_word' id='word_1_61' title='bbox 835 713 942 769; x_wconf 89' lang='lat' dir='ltr'><strong>arduum</strong></span> 
     </span>
    </p>
   </div>
   <div class='ocr_carea' id='block_1_4' title="bbox 122 789 942 1091">
    <p class='ocr_par' dir='ltr' id='par_1_4' title="bbox 122 789 942 1091">
     <span class='ocr_line' id='line_1_10' title="bbox 144 789 942 862; baseline -0.001 -16"><span class='ocrx_word' id='word_1_62' title='bbox 144 792 186 846; x_wconf 90' lang='lat' dir='ltr'><strong>sit.</strong></span> <span class='ocrx_word' id='word_1_63' title='bbox 217 791 298 846; x_wconf 84' lang='lat' dir='ltr'><strong>Simul</strong></span> <span class='ocrx_word' id='word_1_64' title='bbox 309 791 364 862; x_wconf 86' lang='lat' dir='ltr'><strong>ipse</strong></span> <span class='ocrx_word' id='word_1_65' title='bbox 376 792 420 862; x_wconf 90' lang='lat' dir='ltr'><strong>qui</strong></span> <span class='ocrx_word' id='word_1_66' title='bbox 433 791 523 845; x_wconf 79' lang='lat' dir='ltr'><strong>suadet</strong></span> <span class='ocrx_word' id='word_1_67' title='bbox 535 790 732 845; x_wconf 86' lang='lat' dir='ltr'><strong>considerandus</strong></span> <span class='ocrx_word' id='word_1_68' title='bbox 745 794 792 855; x_wconf 84' lang='lat' dir='ltr'><strong>est,</strong></span> <span class='ocrx_word' id='word_1_69' title='bbox 806 789 942 860; x_wconf 86' lang='lat' dir='ltr'><strong>adjiciatne</strong></span> 
     </span>
     <span class='ocr_line' id='line_1_11' title="bbox 143 866 940 937; baseline -0.003 -15"><span class='ocrx_word' id='word_1_70' title='bbox 143 867 248 922; x_wconf 87' lang='lat' dir='ltr'><strong>oonsilio</strong></span> <span class='ocrx_word' id='word_1_71' title='bbox 260 868 400 936; x_wconf 87' lang='lat' dir='ltr'><strong>periculum</strong></span> <span class='ocrx_word' id='word_1_72' title='bbox 417 885 499 932; x_wconf 89' lang='lat' dir='ltr'><strong>suum,</strong></span> <span class='ocrx_word' id='word_1_73' title='bbox 517 871 551 933; x_wconf 90' lang='lat' dir='ltr'><strong>et,</strong></span> <span class='ocrx_word' id='word_1_74' title='bbox 564 867 587 920; x_wconf 91' lang='lat' dir='ltr'><strong>si</strong></span> <span class='ocrx_word' id='word_1_75' title='bbox 603 866 708 922; x_wconf 85' lang='lat' dir='ltr'><strong>fortuna</strong></span> <span class='ocrx_word' id='word_1_76' title='bbox 725 867 814 937; x_wconf 85' lang='lat' dir='ltr'><strong>ooeptis</strong></span> <span class='ocrx_word' id='word_1_77' title='bbox 831 867 940 932; x_wconf 85' lang='lat' dir='ltr'><strong>affuerit,</strong></span> 
     </span>
     <span class='ocr_line' id='line_1_12' title="bbox 122 943 936 1014; baseline -0.005 -14"><span class='ocrx_word' id='word_1_78' title='bbox 122 944 186 1002; x_wconf 75' lang='lat' dir='ltr'><strong>acui</strong></span> <span class='ocrx_word' id='word_1_79' title='bbox 205 963 331 998; x_wconf 89' lang='lat' dir='ltr'><strong>summum</strong></span> <span class='ocrx_word' id='word_1_80' title='bbox 351 943 428 999; x_wconf 87' lang='lat' dir='ltr'><strong>decus</strong></span> <span class='ocrx_word' id='word_1_81' title='bbox 448 944 601 1014; x_wconf 77' lang='lat' dir='ltr'><strong>acquiratur.</strong></span> <span class='ocrx_word' id='word_1_82' title='bbox 638 944 695 1014; x_wconf 82' lang='lat' dir='ltr'><strong>Ego</strong></span> <span class='ocrx_word' id='word_1_83' title='bbox 716 947 751 1008; x_wconf 91' lang='lat' dir='ltr'><strong>te,</strong></span> <span class='ocrx_word' id='word_1_84' title='bbox 772 943 936 1013; x_wconf 82' lang='lat' dir='ltr'><strong>Vespasiane,</strong></span> 
     </span>
     <span class='ocr_line' id='line_1_13' title="bbox 144 1019 942 1091; baseline -0.001 -17"><span class='ocrx_word' id='word_1_85' title='bbox 144 1021 177 1075; x_wconf 85' lang='lat' dir='ltr'><strong>ad</strong></span> <span class='ocrx_word' id='word_1_86' title='bbox 194 1021 325 1091; x_wconf 85' lang='lat' dir='ltr'><strong>imperium</strong></span> <span class='ocrx_word' id='word_1_87' title='bbox 343 1039 413 1085; x_wconf 88' lang='lat' dir='ltr'><strong>voco,</strong></span> <span class='ocrx_word' id='word_1_88' title='bbox 431 1025 484 1074; x_wconf 89' lang='lat' dir='ltr'><strong>tam</strong></span> <span class='ocrx_word' id='word_1_89' title='bbox 504 1020 614 1074; x_wconf 86' lang='lat' dir='ltr'><strong>salutare</strong></span> <span class='ocrx_word' id='word_1_90' title='bbox 630 1019 781 1090; x_wconf 75' lang='lat' dir='ltr'><strong>reipublice,</strong></span> <span class='ocrx_word' id='word_1_91' title='bbox 801 1037 876 1090; x_wconf 84' lang='lat' dir='ltr'><strong>quarn</strong></span> <span class='ocrx_word' id='word_1_92' title='bbox 893 1019 942 1074; x_wconf 86' lang='lat' dir='ltr'><strong>tibi</strong></span> 
     </span>
    </p>
   </div>
   <div class='ocr_carea' id='block_1_5' title="bbox 144 1089 1043 1184">
    <p class='ocr_par' dir='ltr' id='par_1_5' title="bbox 144 1089 1043 1184">
     <span class='ocr_line' id='line_1_14' title="bbox 144 1089 1043 1184; baseline -0.002 -32"><span class='ocrx_word' id='word_1_93' title='bbox 144 1098 312 1169; x_wconf 87' lang='lat' dir='ltr'><strong>magnificum.</strong></span> <span class='ocrx_word' id='word_1_94' title='bbox 349 1099 430 1152; x_wconf 83' lang='lat' dir='ltr'><strong>Juxta</strong></span> <span class='ocrx_word' id='word_1_95' title='bbox 453 1097 514 1151; x_wconf 90' lang='lat' dir='ltr'><strong>deos</strong></span> <span class='ocrx_word' id='word_1_96' title='bbox 538 1097 565 1150; x_wconf 95' lang='lat' dir='ltr'><strong>in</strong></span> <span class='ocrx_word' id='word_1_97' title='bbox 588 1100 635 1150; x_wconf 89' lang='lat' dir='ltr'><strong>tua</strong></span> <span class='ocrx_word' id='word_1_98' title='bbox 655 1115 731 1150; x_wconf 86' lang='lat' dir='ltr'><strong>manu</strong></span> <span class='ocrx_word' id='word_1_99' title='bbox 755 1097 866 1184; x_wconf 82' lang='lat' dir='ltr'><strong>positum</strong></span> <span class='ocrx_word' id='word_1_100' title='bbox 891 1103 940 1151; x_wconf 84' lang='lat' dir='ltr'><strong>est.</strong></span> <span class='ocrx_word' id='word_1_101' title='bbox 1042 1089 1043 1112; x_wconf 62' lang='lat'>¹</span> 
     </span>
    </p>
   </div>
   <div class='ocr_carea' id='block_1_6' title="bbox 121 1173 949 2774">
    <p class='ocr_par' dir='ltr' id='par_1_6' title="bbox 121 1173 949 2774">
     <span class='ocr_line' id='line_1_15' title="bbox 145 1173 942 1246; baseline -0.003 -17"><span class='ocrx_word' id='word_1_102' title='bbox 145 1175 171 1229; x_wconf 91' lang='lat' dir='ltr'>N</span> <span class='ocrx_word' id='word_1_103' title='bbox 172 1194 201 1230; x_wconf 90' lang='lat' dir='ltr'><strong>eo</strong></span> <span class='ocrx_word' id='word_1_104' title='bbox 213 1176 320 1246; x_wconf 86' lang='lat' dir='ltr'><strong>speciem</strong></span> <span class='ocrx_word' id='word_1_105' title='bbox 334 1174 460 1229; x_wconf 87' lang='lat' dir='ltr'><strong>adulantis</strong></span> <span class='ocrx_word' id='word_1_106' title='bbox 477 1173 617 1243; x_wconf 83' lang='lat' dir='ltr'><strong>expaveris.</strong></span> <span class='ocrx_word' id='word_1_107' title='bbox 636 1174 661 1226; x_wconf 91' lang='lat' dir='ltr'><strong>A</strong></span> <span class='ocrx_word' id='word_1_108' title='bbox 673 1173 826 1228; x_wconf 88' lang='lat' dir='ltr'><strong>contumeha</strong></span> <span class='ocrx_word' id='word_1_109' title='bbox 838 1191 912 1243; x_wconf 86' lang='lat' dir='ltr'><strong>quam</strong></span> <span class='ocrx_word' id='word_1_110' title='bbox 926 1191 942 1227; x_wconf 87' lang='lat' dir='ltr'><strong>a</strong></span> 
     </span>
     <span class='ocr_line' id='line_1_16' title="bbox 121 1249 942 1323; baseline -0.004 -16"><span class='ocrx_word' id='word_1_111' title='bbox 121 1251 217 1308; x_wconf 65' lang='lat' dir='ltr'><strong>claude</strong></span> <span class='ocrx_word' id='word_1_112' title='bbox 229 1253 333 1323; x_wconf 89' lang='lat' dir='ltr'><strong>propius</strong></span> <span class='ocrx_word' id='word_1_113' title='bbox 352 1251 429 1306; x_wconf 85' lang='lat' dir='ltr'><strong>fuerit</strong></span> <span class='ocrx_word' id='word_1_114' title='bbox 448 1255 507 1320; x_wconf 83' lang='lat' dir='ltr'><strong>post</strong></span> <span class='ocrx_word' id='word_1_115' title='bbox 526 1249 659 1304; x_wconf 79' lang='lat' dir='ltr'><strong>Vitellium</strong></span> <span class='ocrx_word' id='word_1_116' title='bbox 673 1249 740 1320; x_wconf 89' lang='lat' dir='ltr'><strong>eligi.</strong></span> <span class='ocrx_word' id='word_1_117' title='bbox 778 1250 839 1304; x_wconf 91' lang='lat' dir='ltr'><strong>Non</strong></span> <span class='ocrx_word' id='word_1_118' title='bbox 852 1249 942 1304; x_wconf 87' lang='lat' dir='ltr'><strong>adver·</strong></span> 
     </span>
     <span class='ocr_line' id='line_1_17' title="bbox 144 1326 940 1398; baseline 0 -17"><span class='ocrx_word' id='word_1_119' title='bbox 144 1347 187 1383; x_wconf 88' lang='lat' dir='ltr'><strong>sus</strong></span> <span class='ocrx_word' id='word_1_120' title='bbox 212 1328 264 1382; x_wconf 81' lang='lat' dir='ltr'><strong>divi</strong></span> <span class='ocrx_word' id='word_1_121' title='bbox 286 1328 400 1398; x_wconf 84' lang='lat' dir='ltr'><strong>Augusti</strong></span> <span class='ocrx_word' id='word_1_122' title='bbox 430 1327 577 1381; x_wconf 88' lang='lat' dir='ltr'><strong>acerrimam</strong></span> <span class='ocrx_word' id='word_1_123' title='bbox 601 1329 719 1390; x_wconf 77' lang='lat' dir='ltr'>mentem,</span> <span class='ocrx_word' id='word_1_124' title='bbox 745 1344 791 1380; x_wconf 89' lang='lat' dir='ltr'><strong>nec</strong></span> <span class='ocrx_word' id='word_1_125' title='bbox 820 1326 940 1382; x_wconf 82' lang='lat' dir='ltr'><strong>adversus</strong></span> 
     </span>
     <span class='ocr_line' id='line_1_18' title="bbox 145 1402 948 1473; baseline -0.002 -15"><span class='ocrx_word' id='word_1_126' title='bbox 145 1404 316 1458; x_wconf 85' lang='lat' dir='ltr'><strong>cautissimam</strong></span> <span class='ocrx_word' id='word_1_127' title='bbox 337 1403 432 1458; x_wconf 84' lang='lat' dir='ltr'><strong>Tiberii</strong></span> <span class='ocrx_word' id='word_1_128' title='bbox 455 1407 621 1470; x_wconf 86' lang='lat' dir='ltr'><strong>senectutem,</strong></span> <span class='ocrx_word' id='word_1_129' title='bbox 642 1421 674 1456; x_wconf 90' lang='lat' dir='ltr'><strong>ne</strong></span> <span class='ocrx_word' id='word_1_130' title='bbox 698 1406 786 1457; x_wconf 90' lang='lat' dir='ltr'><strong>contra</strong></span> <span class='ocrx_word' id='word_1_131' title='bbox 807 1402 863 1456; x_wconf 87' lang='lat' dir='ltr'><strong>Caii</strong></span> <span class='ocrx_word' id='word_1_132' title='bbox 887 1404 948 1473; x_wconf 86' lang='lat' dir='ltr'><strong>qui·-</strong></span> 
     </span>
     <span class='ocr_line' id='line_1_19' title="bbox 145 1479 941 1552; baseline 0 -18"><span class='ocrx_word' id='word_1_133' title='bbox 145 1479 210 1545; x_wconf 89' lang='lat' dir='ltr'><strong>dem,</strong></span> <span class='ocrx_word' id='word_1_134' title='bbox 236 1484 281 1534; x_wconf 88' lang='lat' dir='ltr'><strong>aut</strong></span> <span class='ocrx_word' id='word_1_135' title='bbox 303 1479 411 1545; x_wconf 79' lang='lat' dir='ltr'><strong>Claudii,</strong></span> <span class='ocrx_word' id='word_1_136' title='bbox 436 1479 477 1534; x_wconf 86' lang='lat' dir='ltr'><strong>vel</strong></span> <span class='ocrx_word' id='word_1_137' title='bbox 501 1480 620 1544; x_wconf 88' lang='lat' dir='ltr'><strong>Neronis,</strong></span> <span class='ocrx_word' id='word_1_138' title='bbox 642 1479 774 1533; x_wconf 83' lang='lat' dir='ltr'><strong>fundatam</strong></span> <span class='ocrx_word' id='word_1_139' title='bbox 798 1480 874 1552; x_wconf 84' lang='lat' dir='ltr'><strong>longo</strong></span> <span class='ocrx_word' id='word_1_140' title='bbox 894 1481 941 1534; x_wconf 88' lang='lat' dir='ltr'><strong>im-</strong></span> 
     </span>
     <span class='ocr_line' id='line_1_20' title="bbox 144 1556 948 1628; baseline 0 -17"><span class='ocrx_word' id='word_1_141' title='bbox 144 1558 215 1628; x_wconf 90' lang='lat' dir='ltr'><strong>perio</strong></span> <span class='ocrx_word' id='word_1_142' title='bbox 232 1556 334 1611; x_wconf 90' lang='lat' dir='ltr'><strong>domum</strong></span> <span class='ocrx_word' id='word_1_143' title='bbox 352 1556 520 1626; x_wconf 83' lang='lat' dir='ltr'><strong>exsurgimus.</strong></span> <span class='ocrx_word' id='word_1_144' title='bbox 558 1556 664 1610; x_wconf 81' lang='lat' dir='ltr'><strong>Gessisti</strong></span> <span class='ocrx_word' id='word_1_145' title='bbox 681 1556 756 1610; x_wconf 88' lang='lat' dir='ltr'><strong>etiam</strong></span> <span class='ocrx_word' id='word_1_146' title='bbox 775 1557 860 1611; x_wconf 85' lang='lat' dir='ltr'><strong>Galbae</strong></span> <span class='ocrx_word' id='word_1_147' title='bbox 878 1556 948 1611; x_wconf 64' lang='lat' dir='ltr'><strong>ima-v</strong></span> 
     </span>
     <span class='ocr_line' id='line_1_21' title="bbox 122 1632 941 1705; baseline 0 -17"><span class='ocrx_word' id='word_1_148' title='bbox 122 1634 253 1705; x_wconf 79' lang='lat' dir='ltr'><strong>sginibus.</strong></span> <span class='ocrx_word' id='word_1_149' title='bbox 290 1634 401 1704; x_wconf 80' lang='lat' dir='ltr'><strong>Torpere</strong></span> <span class='ocrx_word' id='word_1_150' title='bbox 430 1632 505 1696; x_wconf 87' lang='lat' dir='ltr'><strong>ultra,</strong></span> <span class='ocrx_word' id='word_1_151' title='bbox 534 1636 560 1686; x_wconf 90' lang='lat' dir='ltr'><strong>et</strong></span> <span class='ocrx_word' id='word_1_152' title='bbox 589 1632 749 1702; x_wconf 90' lang='lat' dir='ltr'><strong>polluendam</strong></span> <span class='ocrx_word' id='word_1_153' title='bbox 776 1633 941 1703; x_wconf 88' lang='lat' dir='ltr'><strong>perdendam-</strong></span> 
     </span>
     <span class='ocr_line' id='line_1_22' title="bbox 145 1708 941 1781; baseline 0 -17"><span class='ocrx_word' id='word_1_154' title='bbox 145 1729 195 1781; x_wconf 88' lang='lat' dir='ltr'><strong>que</strong></span> <span class='ocrx_word' id='word_1_155' title='bbox 212 1709 392 1780; x_wconf 80' lang='lat' dir='ltr'><strong>rempublicam</strong></span> <span class='ocrx_word' id='word_1_156' title='bbox 411 1708 560 1778; x_wconf 83' lang='lat' dir='ltr'><strong>relinquere,</strong></span> <span class='ocrx_word' id='word_1_157' title='bbox 583 1726 660 1779; x_wconf 88' lang='lat' dir='ltr'><strong>sopor</strong></span> <span class='ocrx_word' id='word_1_158' title='bbox 679 1713 705 1764; x_wconf 93' lang='lat' dir='ltr'><strong>et</strong></span> <span class='ocrx_word' id='word_1_159' title='bbox 724 1709 825 1780; x_wconf 83' lang='lat' dir='ltr'><strong>ignavia</strong></span> <span class='ocrx_word' id='word_1_160' title='bbox 844 1709 941 1764; x_wconf 87' lang='lat' dir='ltr'><strong>vidore·</strong></span> 
     </span>
     <span class='ocr_line' id='line_1_23' title="bbox 146 1785 941 1856; baseline 0 -15"><span class='ocrx_word' id='word_1_161' title='bbox 146 1792 196 1852; x_wconf 87' lang='lat' dir='ltr'><strong>tur,</strong></span> <span class='ocrx_word' id='word_1_162' title='bbox 215 1787 291 1841; x_wconf 91' lang='lat' dir='ltr'><strong>etiam</strong></span> <span class='ocrx_word' id='word_1_163' title='bbox 312 1786 335 1840; x_wconf 92' lang='lat' dir='ltr'><strong>si</strong></span> <span class='ocrx_word' id='word_1_164' title='bbox 352 1785 408 1850; x_wconf 88' lang='lat' dir='ltr'><strong>tibi,</strong></span> <span class='ocrx_word' id='word_1_165' title='bbox 428 1803 503 1856; x_wconf 89' lang='lat' dir='ltr'><strong>quam</strong></span> <span class='ocrx_word' id='word_1_166' title='bbox 520 1785 661 1850; x_wconf 85' lang='lat' dir='ltr'><strong>inhonesta,</strong></span> <span class='ocrx_word' id='word_1_167' title='bbox 680 1789 734 1839; x_wconf 85' lang='lat' dir='ltr'><strong>tam</strong></span> <span class='ocrx_word' id='word_1_168' title='bbox 752 1790 810 1840; x_wconf 86' lang='lat' dir='ltr'><strong>tuta</strong></span> <span class='ocrx_word' id='word_1_169' title='bbox 830 1787 941 1841; x_wconf 80' lang='lat' dir='ltr'><strong>servitus</strong></span> 
     </span>
     <span class='ocr_line' id='line_1_24' title="bbox 123 1863 949 1933; baseline -0.001 -15"><span class='ocrx_word' id='word_1_170' title='bbox 123 1868 221 1924; x_wconf 69' lang='lat' dir='ltr'><strong>cesset.</strong></span> <span class='ocrx_word' id='word_1_171' title='bbox 270 1863 342 1918; x_wconf 83' lang='lat' dir='ltr'><strong>Abiit</strong></span> <span class='ocrx_word' id='word_1_172' title='bbox 362 1863 416 1933; x_wconf 87' lang='lat' dir='ltr'><strong>jam</strong></span> <span class='ocrx_word' id='word_1_173' title='bbox 440 1869 467 1917; x_wconf 90' lang='lat' dir='ltr'><strong>et</strong></span> <span class='ocrx_word' id='word_1_174' title='bbox 490 1865 663 1916; x_wconf 86' lang='lat' dir='ltr'><strong>transvectum</strong></span> <span class='ocrx_word' id='word_1_175' title='bbox 692 1866 731 1916; x_wconf 90' lang='lat' dir='ltr'><strong>est</strong></span> <span class='ocrx_word' id='word_1_176' title='bbox 754 1866 864 1933; x_wconf 88' lang='lat' dir='ltr'><strong>tempus,</strong></span> <span class='ocrx_word' id='word_1_177' title='bbox 889 1881 949 1933; x_wconf 84' lang='lat' dir='ltr'><strong>quo¹</strong></span> 
     </span>
     <span class='ocr_line' id='line_1_25' title="bbox 145 1937 941 2012; baseline -0.004 -16"><span class='ocrx_word' id='word_1_178' title='bbox 145 1959 231 2012; x_wconf 89' lang='lat' dir='ltr'><strong>posses</strong></span> <span class='ocrx_word' id='word_1_179' title='bbox 255 1940 336 1996; x_wconf 88' lang='lat' dir='ltr'><strong>videri</strong></span> <span class='ocrx_word' id='word_1_180' title='bbox 360 1940 524 2010; x_wconf 84' lang='lat' dir='ltr'><strong>concupisse:</strong></span> <span class='ocrx_word' id='word_1_181' title='bbox 555 1937 751 2009; x_wconf 82' lang='lat' dir='ltr'><strong>confugiendum</strong></span> <span class='ocrx_word' id='word_1_182' title='bbox 775 1944 815 1993; x_wconf 86' lang='lat' dir='ltr'><strong>est</strong></span> <span class='ocrx_word' id='word_1_183' title='bbox 838 1939 870 1994; x_wconf 88' lang='lat' dir='ltr'><strong>ad</strong></span> <span class='ocrx_word' id='word_1_184' title='bbox 893 1940 941 1993; x_wconf 89' lang='lat' dir='ltr'><strong>im-</strong></span> 
     </span>
     <span class='ocr_line' id='line_1_26' title="bbox 143 2014 941 2087; baseline -0.004 -14"><span class='ocrx_word' id='word_1_185' title='bbox 143 2018 249 2086; x_wconf 88' lang='lat' dir='ltr'><strong>perium.</strong></span> <span class='ocrx_word' id='word_1_186' title='bbox 298 2020 340 2072; x_wconf 83' lang='lat' dir='ltr'><strong>An</strong></span> <span class='ocrx_word' id='word_1_187' title='bbox 369 2017 463 2072; x_wconf 86' lang='lat' dir='ltr'><strong>excidit</strong></span> <span class='ocrx_word' id='word_1_188' title='bbox 493 2014 637 2070; x_wconf 86' lang='lat' dir='ltr'><strong>trucidatus</strong></span> <span class='ocrx_word' id='word_1_189' title='bbox 668 2015 801 2070; x_wconf 82' lang='lat' dir='ltr'><strong>Corbulo!&gt;</strong></span> <span class='ocrx_word' id='word_1_190' title='bbox 831 2015 941 2087; x_wconf 88' lang='lat' dir='ltr'><strong>splendi-</strong></span> 
     </span>
     <span class='ocr_line' id='line_1_27' title="bbox 144 2090 940 2167; baseline -0.005 -17"><span class='ocrx_word' id='word_1_191' title='bbox 144 2095 199 2150; x_wconf 87' lang='lat' dir='ltr'><strong>dior</strong></span> <span class='ocrx_word' id='word_1_192' title='bbox 219 2095 316 2167; x_wconf 85' lang='lat' dir='ltr'><strong>om&#39;gine</strong></span> <span class='ocrx_word' id='word_1_193' title='bbox 340 2113 416 2165; x_wconf 90' lang='lat' dir='ltr'><strong>quam</strong></span> <span class='ocrx_word' id='word_1_194' title='bbox 440 2111 487 2146; x_wconf 90' lang='lat' dir='ltr'><strong>nos</strong></span> <span class='ocrx_word' id='word_1_195' title='bbox 509 2109 604 2157; x_wconf 87' lang='lat' dir='ltr'><strong>sumus,</strong></span> <span class='ocrx_word' id='word_1_196' title='bbox 624 2090 721 2146; x_wconf 84' lang='lat' dir='ltr'><strong>fateor:</strong></span> <span class='ocrx_word' id='word_1_197' title='bbox 753 2091 798 2146; x_wconf 90' lang='lat' dir='ltr'><strong>sed</strong></span> <span class='ocrx_word' id='word_1_198' title='bbox 821 2097 848 2146; x_wconf 90' lang='lat' dir='ltr'><strong>et</strong></span> <span class='ocrx_word' id='word_1_199' title='bbox 869 2093 940 2146; x_wconf 91' lang='lat' dir='ltr'><strong>Nero</strong></span> 
     </span>
     <span class='ocr_line' id='line_1_28' title="bbox 123 2167 940 2235; baseline -0.004 -8"><span class='ocrx_word' id='word_1_200' title='bbox 123 2173 275 2235; x_wconf 83' lang='lat' dir='ltr'><strong>7nobilitate</strong></span> <span class='ocrx_word' id='word_1_201' title='bbox 287 2173 408 2227; x_wconf 81' lang='lat' dir='ltr'><strong>natalium</strong></span> <span class='ocrx_word' id='word_1_202' title='bbox 421 2169 553 2224; x_wconf 89' lang='lat' dir='ltr'><strong>Vitellium</strong></span> <span class='ocrx_word' id='word_1_203' title='bbox 567 2167 687 2222; x_wconf 75' lang='lat' dir='ltr'><strong>anteibat.</strong></span> <span class='ocrx_word' id='word_1_204' title='bbox 725 2168 792 2222; x_wconf 82' lang='lat' dir='ltr'><strong>Satis</strong></span> <span class='ocrx_word' id='word_1_205' title='bbox 805 2169 887 2224; x_wconf 90' lang='lat' dir='ltr'><strong>clarus</strong></span> <span class='ocrx_word' id='word_1_206' title='bbox 900 2173 940 2224; x_wconf 87' lang='lat' dir='ltr'><strong>est</strong></span> 
     </span>
     <span class='ocr_line' id='line_1_29' title="bbox 144 2244 941 2318; baseline -0.004 -15"><span class='ocrx_word' id='word_1_207' title='bbox 144 2249 211 2318; x_wconf 90' lang='lat' dir='ltr'><strong>apud</strong></span> <span class='ocrx_word' id='word_1_208' title='bbox 223 2249 355 2303; x_wconf 86' lang='lat' dir='ltr'><strong>timentem</strong></span> <span class='ocrx_word' id='word_1_209' title='bbox 368 2247 482 2318; x_wconf 90' lang='lat' dir='ltr'><strong>quisquis</strong></span> <span class='ocrx_word' id='word_1_210' title='bbox 494 2246 606 2299; x_wconf 88' lang='lat' dir='ltr'><strong>timetur.</strong></span> <span class='ocrx_word' id='word_1_211' title='bbox 644 2244 679 2298; x_wconf 84' lang='lat' dir='ltr'><strong>Et</strong></span> <span class='ocrx_word' id='word_1_212' title='bbox 691 2261 765 2314; x_wconf 88' lang='lat' dir='ltr'><strong>posse</strong></span> <span class='ocrx_word' id='word_1_213' title='bbox 782 2245 813 2299; x_wconf 85' lang='lat' dir='ltr'><strong>ab</strong></span> <span class='ocrx_word' id='word_1_214' title='bbox 826 2247 941 2300; x_wconf 85' lang='lat' dir='ltr'><strong>exercitu</strong></span> 
     </span>
     <span class='ocr_line' id='line_1_30' title="bbox 143 2319 940 2393; baseline 0.001 -17"><span class='ocrx_word' id='word_1_215' title='bbox 143 2324 282 2393; x_wconf 89' lang='lat' dir='ltr'><strong>principem</strong></span> <span class='ocrx_word' id='word_1_216' title='bbox 305 2325 360 2378; x_wconf 90' lang='lat' dir='ltr'><strong>fieri</strong></span> <span class='ocrx_word' id='word_1_217' title='bbox 384 2322 432 2378; x_wconf 89' lang='lat' dir='ltr'><strong>sibi</strong></span> <span class='ocrx_word' id='word_1_218' title='bbox 456 2324 511 2391; x_wconf 89' lang='lat' dir='ltr'><strong>ipse</strong></span> <span class='ocrx_word' id='word_1_219' title='bbox 534 2319 654 2375; x_wconf 79' lang='lat' dir='ltr'><strong>Vitellius</strong></span> <span class='ocrx_word' id='word_1_220' title='bbox 679 2320 838 2387; x_wconf 88' lang='lat' dir='ltr'><strong>documento,</strong></span> <span class='ocrx_word' id='word_1_221' title='bbox 863 2322 940 2377; x_wconf 89' lang='lat' dir='ltr'><strong>nullis</strong></span> 
     </span>
     <span class='ocr_line' id='line_1_31' title="bbox 144 2397 939 2470; baseline 0 -16"><span class='ocrx_word' id='word_1_222' title='bbox 144 2401 284 2470; x_wconf 83' lang='lat' dir='ltr'><strong>stipendiis,</strong></span> <span class='ocrx_word' id='word_1_223' title='bbox 304 2401 375 2454; x_wconf 81' lang='lat' dir='ltr'><strong>nulla</strong></span> <span class='ocrx_word' id='word_1_224' title='bbox 391 2399 494 2453; x_wconf 88' lang='lat' dir='ltr'><strong>militari</strong></span> <span class='ocrx_word' id='word_1_225' title='bbox 514 2399 590 2463; x_wconf 83' lang='lat' dir='ltr'><strong>fama,</strong></span> <span class='ocrx_word' id='word_1_226' title='bbox 610 2397 696 2453; x_wconf 77' lang='lat' dir='ltr'><strong>Galba</strong></span> <span class='ocrx_word' id='word_1_227' title='bbox 716 2398 774 2453; x_wconf 91' lang='lat' dir='ltr'><strong>odio</strong></span> <span class='ocrx_word' id='word_1_228' title='bbox 795 2405 939 2470; x_wconf 87' lang='lat' dir='ltr'><strong>provectus.</strong></span> 
     </span>
     <span class='ocr_line' id='line_1_32' title="bbox 122 2474 942 2545; baseline 0.005 -17"><span class='ocrx_word' id='word_1_229' title='bbox 122 2476 187 2530; x_wconf 89' lang='lat' dir='ltr'><strong>8Ne</strong></span> <span class='ocrx_word' id='word_1_230' title='bbox 205 2475 333 2530; x_wconf 86' lang='lat' dir='ltr'><strong>Othonem</strong></span> <span class='ocrx_word' id='word_1_231' title='bbox 350 2475 451 2545; x_wconf 86' lang='lat' dir='ltr'><strong>quidem</strong></span> <span class='ocrx_word' id='word_1_232' title='bbox 469 2474 540 2528; x_wconf 89' lang='lat' dir='ltr'><strong>ducis</strong></span> <span class='ocrx_word' id='word_1_233' title='bbox 559 2478 613 2528; x_wconf 85' lang='lat' dir='ltr'><strong>arte</strong></span> <span class='ocrx_word' id='word_1_234' title='bbox 628 2478 673 2528; x_wconf 86' lang='lat' dir='ltr'><strong>aut</strong></span> <span class='ocrx_word' id='word_1_235' title='bbox 691 2476 818 2530; x_wconf 82' lang='lat' dir='ltr'><strong>exercitus</strong></span> <span class='ocrx_word' id='word_1_236' title='bbox 839 2477 872 2541; x_wconf 85' lang='lat' dir='ltr'><strong>vi,</strong></span> <span class='ocrx_word' id='word_1_237' title='bbox 895 2477 942 2532; x_wconf 87' lang='lat' dir='ltr'><strong>sed</strong></span> 
     </span>
     <span class='ocr_line' id='line_1_33' title="bbox 144 2550 940 2623; baseline 0.004 -17"><span class='ocrx_word' id='word_1_238' title='bbox 144 2569 304 2623; x_wconf 72' lang='lat' dir='ltr'><strong>praepropera</strong></span> <span class='ocrx_word' id='word_1_239' title='bbox 323 2552 404 2622; x_wconf 89' lang='lat' dir='ltr'><strong>ipsius</strong></span> <span class='ocrx_word' id='word_1_240' title='bbox 423 2550 598 2620; x_wconf 89' lang='lat' dir='ltr'><strong>desperatione</strong></span> <span class='ocrx_word' id='word_1_241' title='bbox 617 2550 722 2615; x_wconf 87' lang='lat' dir='ltr'><strong>victum,</strong></span> <span class='ocrx_word' id='word_1_242' title='bbox 742 2552 793 2622; x_wconf 87' lang='lat' dir='ltr'><strong>jam</strong></span> <span class='ocrx_word' id='word_1_243' title='bbox 814 2553 940 2608; x_wconf 88' lang='lat' dir='ltr'><strong>desidera-</strong></span> 
     </span>
     <span class='ocr_line' id='line_1_34' title="bbox 144 2625 940 2702; baseline 0.005 -21"><span class='ocrx_word' id='word_1_244' title='bbox 144 2627 221 2682; x_wconf 91' lang='lat' dir='ltr'><strong>bilem</strong></span> <span class='ocrx_word' id='word_1_245' title='bbox 233 2631 259 2681; x_wconf 88' lang='lat' dir='ltr'><strong>et</strong></span> <span class='ocrx_word' id='word_1_246' title='bbox 277 2645 396 2699; x_wconf 90' lang='lat' dir='ltr'><strong>magnum</strong></span> <span class='ocrx_word' id='word_1_247' title='bbox 412 2627 550 2697; x_wconf 87' lang='lat' dir='ltr'><strong>prinoipem</strong></span> <span class='ocrx_word' id='word_1_248' title='bbox 567 2625 703 2689; x_wconf 74' lang='lat' dir='ltr'><strong>sonituum</strong></span> <span class='ocrx_word' id='word_1_249' title='bbox 721 2627 824 2684; x_wconf 85' lang='lat' dir='ltr'><strong>interim</strong></span> <span class='ocrx_word' id='word_1_250' title='bbox 840 2631 940 2702; x_wconf 83' lang='lat' dir='ltr'><strong>spargit</strong></span> 
     </span>
     <span class='ocr_line' id='line_1_35' title="bbox 144 2699 939 2774; baseline 0.008 -16"><span class='ocrx_word' id='word_1_251' title='bbox 144 2702 265 2774; x_wconf 81' lang='lat' dir='ltr'><strong>legiones,</strong></span> <span class='ocrx_word' id='word_1_252' title='bbox 277 2707 392 2760; x_wconf 87' lang='lat' dir='ltr'><strong>exarmat</strong></span> <span class='ocrx_word' id='word_1_253' title='bbox 411 2699 537 2766; x_wconf 86' lang='lat' dir='ltr'><strong>cohortes,</strong></span> <span class='ocrx_word' id='word_1_254' title='bbox 550 2717 616 2754; x_wconf 88' lang='lat' dir='ltr'><strong>nova</strong></span> <span class='ocrx_word' id='word_1_255' title='bbox 627 2701 740 2770; x_wconf 87' lang='lat' dir='ltr'><strong>quotidie</strong></span> <span class='ocrx_word' id='word_1_256' title='bbox 757 2705 823 2761; x_wconf 94' lang='lat' dir='ltr'><strong>bello</strong></span> <span class='ocrx_word' id='word_1_257' title='bbox 842 2708 939 2763; x_wconf 87' lang='lat' dir='ltr'><strong>semina</strong></span> 
     </span>
    </p>
   </div>
   <div class='ocr_carea' id='block_1_7' title="bbox 0 0 1052 3038">
    <p class='ocr_par' dir='ltr' id='par_1_7' title="bbox 0 0 1052 3038">
     <span class='ocr_line' id='line_1_36' title="bbox 0 0 1052 3038; baseline 0 0"><span class='ocrx_word' id='word_1_258' title='bbox 0 0 1052 3038; x_wconf 95' lang='lat' dir='ltr'><strong> </strong></span> 
     </span>
    </p>
   </div>
  </div>
 </body>
</html>
