2104 3022
194 105 241 154 256
527 94 648 146 baem

170 213 327 285 ageniorum
343 211 371 266 in
388 208 492 264 comitio
507 224 538 262 ac
560 206 617 262 foro
640 207 784 260 urerentur.
821 204 925 260 Scilicet
946 205 991 262 illo

194 291 256 362 igne
275 305 363 343 vocem
377 284 467 355 populi
484 283 602 347 Romani,
621 285 649 338 et
665 282 810 337 libertatem
828 285 944 347 senatus,
963 286 991 337 ct

195 363 374 420 conscientiam
391 360 492 431 generis
508 359 613 413 humeni
628 358 724 413 aboleri
735 357 935 421 arbitrabantur,
947 376 991 413 ex-

195 439 275 510 pulsis
287 439 391 506 insuper
403 435 534 504 sapientise
546 433 739 506 professoribus,
752 437 830 504 atque
841 433 911 488 omui
923 433 990 488 bona

196 519 251 569 arte
262 514 290 568 in
301 509 417 567 exsilium
429 517 493 576 acta,
506 511 546 565 ne'
557 506 618 581 quid
629 525 736 580 usquam
753 501 890 564 honestum
902 527 990 565 cocur-

172 592 272 644 areret.
308 587 433 642 Dedimus
453 585 569 656 proiecto
586 585 684 656 mande
700 585 831 656 patientie
854 585 989 641 documen·

196 669 253 719 tum
264 683 272 729 ;
290 666 317 718 et
326 665 394 718 sieut
406 665 480 717 vetus
493 665 555 717 retas
562 661 695 732 viditquid
706 661 825 715 ultimum
833 661 861 714 in
869 660 989 718 libertate

196 742 272 804 esset,
291 738 329 792 ita
345 754 392 792 nos
410 737 471 808 quid
488 737 516 791 in
533 737 664 800 servitute,
683 735 801 807 adempto
818 753 864 806 por
884 737 989 808 inquisi-

196 815 280 870 tiones
292 817 320 868 et
330 812 450 884 loquendi
462 812 631 942 audienditpue
645 813 801 868 commercio.
836 811 990 868 Memorium

197 903 298 961 quoque
309 889 390 960 ipsam
401 905 460 944 cum
471 901 533 942 voce
544 893 589 958 pe'r
606 887 747 952 idissemus'‚
760 888 783 941 si
795 893 847 942 tain
862 887 889 941 in
900 891 989 944 nostra

170 968 325 1036 3potestete
344 968 412 1019 esset
431 963 546 1019 oblivisci
565 981 641 1033 quam
660 967 753 1018 tacere.
790 963 867 1018 Nunc
885 963 990 1019 demum

197 1041 264 1096 redit
283 1040 398 1105 animus;
422 1042 449 1094 et
470 1055 614 1108 quanquam
636 1039 719 1108 primo
743 1039 830 1093 statim
847 1038 989 1095 beatissimi

198 1117 277 1172 seculi
299 1120 360 1170 ortu
380 1114 468 1170 Nerva
491 1113 576 1168 Cesar
594 1131 636 1168 res
659 1113 719 1168 olim
738 1113 910 1170 dimeeiabiles
929 1116 989 1170 mis·

198 1193 286 1259 cuerit,
311 1189 480 1261 principatum
497 1206 527 1244 ac
544 1189 694 1257 libertatem,
712 1193 855 1260 augeatque
873 1191 988 1261 quotidie

198 1267 345 1323 felicitatem
359 1269 502 1336 temporum
518 1264 606 1320 Nerva
619 1265 750 1337 trajanus,
766 1283 813 1321 neo
828 1284 901 1335 spem
913 1267 988 1322 modo

198 1361 228 1398 ac
244 1346 332 1398 votum
348 1341 471 1397 securitas
487 1340 595 1412 publica,
612 1341 657 1396 sed
673 1341 754 1412 ipsius
765 1342 821 1396 voti
832 1341 950 1398 fiduciam
959 1361 988 1400 ao

198 1419 283 1482 robur,
303 1416 475 1488 assumpserit,
490 1421 583 1472 natura
600 1420 686 1474 tamen
700 1417 854 1472 infirmitatis
870 1418 988 1476 bumana

198 1493 310 1546 tardiora
321 1495 381 1545 sunt
393 1490 504 1546 remedia
515 1509 590 1561 quam
601 1492 681 1558 mala3
700 1496 727 1547 et
740 1495 771 1548 ut
783 1511 889 1563 corpora
900 1499 989 1550 nostra

198 1567 267 1622 lente
279 1573 427 1636 augescunt,
440 1566 492 1620 cito
504 1567 712 1638 exstinguuntur,
725 1569 762 1624 sio
773 1567 876 1640 ingenia
893 1570 989 1626 studie-

175 1639 771 1712 nqueoppresserisfmiliusquamrevoeaveris.
807 1644 988 1716 Subitquippe

199 1716 275 1770 etiem
298 1715 377 1786 ipsius
401 1715 499 1771 inertioe
511 1716 625 1786 dulcedo,
649 1723 676 1774 et
693 1719 776 1774 invisa
792 1719 874 1790 primo
892 1721 988 1778 desidie

198 1795 328 1863 postremo
340 1794 446 1846 emetur.
472 1791 549 1858 Quid,
559 1793 635 1864 siper
646 1795 789 1865 quindecim
798 1813 884 1864 annos,
892 1797 988 1868 grande

197 1868 312 1924 mortalis
333 1868 381 1923 cvi
401 1868 518 1939 apetium,
537 1869 612 1924 multi
629 1871 743 1926 forturtis
762 1871 870 1938 casibus,
889 1891 988 1944 promp-

174 1946 313 2001 scierimus
325 1945 432 2015 quisque
443 1945 543 2001 saevitia
554 1947 674 2018 principis
686 1947 891 2003 interciderunt?
909 1949 989 2004 Pauci

198 2025 233 2089 ct,
245 2025 276 2076 ut
293 2021 331 2076 ita
342 2021 455 2086 dixerim
474 2038 527 2076 uon
542 2021 618 2077 modo
634 2023 741 2078 aliorum
756 2023 801 2079 sed
818 2024 896 2078 etiem
908 2025 989 2079 nostri

199 2097 351 2168 superstites
368 2115 463 2162 sumus,
482 2097 606 2168 exemptis
630 2099 744 2153 emedia
767 2099 821 2154 vita
843 2102 884 2154 tot
909 2100 988 2164 annis,

199 2173 292 2243 quibus
308 2173 415 2244 juvenes
434 2171 466 2226 ad
485 2175 650 2240 senectutem,
671 2191 745 2228 senes
765 2191 844 2245 prope
867 2174 900 2230 ad
920 2175 989 2245 ipsos

174 2253 295 2304 aexacts
314 2248 397 2303 etatis
416 2247 537 2302 terminos
555 2267 601 2319 per
623 2249 752 2304 silentimu
769 2250 893 2305 venimus.
928 2251 990 2306 Nou

199 2324 286 2376 tamen
304 2322 409 2392 pigebit,
424 2323 466 2378 vel
480 2323 610 2380 incondita
629 2343 659 2380 ae
679 2326 738 2380 rudi
755 2344 824 2391 voce,
843 2329 991 2382 memoriam

199 2395 291 2462 prioris
303 2397 434 2452 servitutis
452 2416 481 2453 ac
493 2399 669 2456 testimonium
686 2403 850 2472 praesentium
865 2403 991 2458 bonorum

200 2470 381 2536 composuisse.
418 2473 470 2527 Hic
482 2473 584 2530 iuterim
595 2476 659 2531 liber
671 2477 761 2532 honori
772 2478 898 2549 Agricolae
910 2481 993 2536 soceri

199 2541 250 2594 mei
267 2540 416 2608 destinatus,
435 2547 591 2614 professione
615 2552 718 2623 pictatis
743 2557 787 2610 aut
805 2553 924 2610 laudatus
943 2556 993 2612 en't

199 2618 244 2668 aut
256 2618 401 2671 excusatus.
