2070 3204
114 419 141 456 Δ.
152 415 177 456 Β.
187 417 217 457 ω.
310 355 561 407 mammaeam
580 357 600 405 Ι.
618 353 705 405 a-la.
889 353 905 408 i

113 469 172 520 tum
187 419 304 521 Tiberius
320 467 471 530 Alexander,
488 467 601 539 ejusdem
618 465 736 522 nationis.
772 466 860 522 Africa
877 484 907 522 ae

112 541 227 612 legiones
245 542 272 596 in
283 561 321 610 ea,
336 543 472 598 interfecto
485 543 574 598 Clodio
585 543 683 608 Macm,
696 545 817 598 contenta
828 543 908 614 quaii-

113 635 215 688 cunque
238 619 352 688 principe
375 625 434 690 post
457 620 658 690 experimentum
680 618 775 673 domini
794 619 906 673 minoris.

114 693 182 748 Dua
205 694 376 760 Mauritaniae,
402 695 494 760 Retia,
519 696 651 760 Noricum,
676 695 784 749 Thracia
804 699 830 750 et
852 705 932 766 quaa

112 769 170 824 alie
197 771 403 840 procuratoribus
433 771 591 837 cohibentur,
616 776 646 826 ut
670 772 761 842 cuique
785 771 909 826 exercitui

113 846 211 911 meina,
224 846 262 900 ita
273 848 301 901 in
315 847 428 903 favorem
444 852 489 902 aut
507 848 591 902 odium
609 851 729 903 contactu
741 847 909 903 valentiorum

114 922 264 992 agebantur.
301 924 416 978 Inermes
440 925 576 994 provincia
599 928 677 994 atque
698 924 801 995 ipsein
821 924 934 994 primisa

114 999 198 1064 Italia,
223 999 365 1072 cuicunque
389 1001 493 1056 servitio
518 1001 640 1071 exposita,
663 1001 691 1055 in
714 1001 824 1072 pretium
849 1000 907 1055 belli

114 1093 224 1130 cessurae
249 1081 329 1131 erant,
366 1077 419 1132 Hic
442 1077 492 1131 init
515 1095 601 1131 rerum
621 1077 794 1132 Romanarum
815 1081 933 1142 statuae

114 1169 174 1206 cum
188 1153 290 1207 Servius
301 1152 381 1208 Galba
391 1153 485 1208 iterum
494 1153 568 1208 Titus
578 1153 671 1208 Vinius
684 1153 799 1208 consides
808 1153 908 1208 inchoa-

113 1246 174 1284 vere
186 1247 280 1283 annum
294 1229 343 1284 sibi
357 1229 484 1296 ultimum,
496 1230 534 1284 rei
545 1229 652 1300 publicae
664 1247 742 1300 prope
755 1247 907 1300 supremum.

149 1305 242 1360 Paucis
254 1309 313 1376 post
326 1305 455 1361 Kalendas
472 1305 489 1358 J
490 1306 606 1359 annarias
618 1305 707 1360 diebus
719 1301 956 1375 PompeiiPro-12

111 1382 203 1454 ›pinqui
222 1383 423 1453 procuratorias
440 1383 545 1454 Belgica
561 1381 656 1436 litterae
674 1382 822 1446 afferuntur,
835 1399 908 1452 supe·

113 1459 188 1514 rioris
213 1459 354 1514 Germaniae
373 1459 486 1530 legiones
503 1461 580 1529 rupta
598 1458 749 1512 sacramenti
766 1457 909 1513 reverentia

113 1534 292 1606 imperatorem
319 1535 396 1590 alium
422 1535 546 1606 flagitare,
576 1538 603 1588 et
629 1533 729 1589 senatui
758 1552 788 1589 ac
813 1534 908 1604 populo

114 1610 231 1665 Romano
254 1611 386 1666 arbitrium
414 1611 524 1682 eligendi
549 1611 704 1681 permittere,
735 1628 786 1680 quo
814 1610 908 1666 seditio

114 1687 214 1742 mollius
227 1688 391 1758 acciperetur.
427 1687 570 1742 Maturavit
582 1705 613 1742 aa
623 1705 664 1741 res
676 1687 809 1741 consilium
822 1685 932 1744 cubas
949 1689 952 1694 ’

111 1763 274 1834 jampridem
286 1764 318 1819 da
330 1764 465 1835 adoptione
477 1782 563 1820 secum
575 1767 602 1818 et
612 1781 670 1818 cum
679 1762 800 1834 proximis
811 1762 907 1833 agitem

112 1839 157 1894 tis.
194 1840 256 1894 Non
280 1859 340 1895 sane
364 1841 475 1896 crebrior
491 1844 548 1894 tota
566 1839 669 1894 civitate
687 1857 770 1894 sermo
788 1857 834 1909 per
850 1839 931 1900 ibose

112 1933 214 1970 menses
226 1917 318 1982 iuerat,
328 1917 439 1988 primum
447 1917 550 1970 licentia
559 1933 588 1970 ae
596 1915 700 1970 libidine
709 1915 771 1970 talia
778 1914 906 1986 loquendi,

115 1991 173 2046 dein
187 1993 256 2047 sessa
268 1993 322 2064 jam
340 1997 416 2048 atate
433 1993 527 2048 Galbae.
563 1993 656 2046 Paucis
671 1991 796 2062 judicium
808 1995 853 2046 aut
869 1991 932 2046 reia

114 2069 221 2139 publica
235 2088 321 2124 amor:
339 2070 415 2125 multi
431 2069 511 2124 stulta
527 2087 580 2140 spe,
596 2073 673 2139 prout
689 2069 745 2140 quis
758 2069 853 2123 amium
867 2068 908 2124 rel

114 2144 198 2210 cliens,
211 2145 280 2200 hunc
291 2145 332 2201 vel
343 2145 414 2200 illum
426 2145 567 2200 ambitiosis
579 2144 723 2199 rumoribus
736 2145 906 2212 destinabant,

114 2221 191 2274 ctiam
203 2221 230 2274 in
241 2221 294 2276 liti
306 2221 377 2276 Vinii
388 2220 482 2288 odium,
495 2221 539 2291 qui
550 2221 578 2274 in
589 2220 642 2276 dias
658 2225 754 2290 quanto
769 2221 906 2291 potentior,

114 2295 202 2350 eodem
221 2300 281 2350 actu
297 2296 402 2352 invisior
423 2299 486 2351 erat.
523 2295 626 2366 Quippe
643 2295 743 2350 hiantes
765 2297 793 2350 in
816 2304 931 2368 magnai

113 2372 217 2426 fortuna
235 2372 372 2427 amicorum
390 2371 544 2442 cupiditates
561 2371 618 2442 ipsa
635 2371 722 2426 Galbae
743 2371 851 2428 facilitas
868 2373 908 2428 in·

115 2448 244 2514 tendebat,
257 2466 316 2504 cum
328 2447 396 2519 apud
407 2447 534 2502 infirmum
546 2451 573 2502 et
585 2444 713 2503 credulum
726 2449 824 2504 minore
835 2454 907 2506 metu

113 2529 140 2580 et
157 2525 252 2596 majore
276 2525 379 2596 praemio
403 2527 559 2595 peccaretur.
604 2525 725 2580 Potentia
748 2527 905 2597 principatus
918 2531 954 2586 1³

113 2600 193 2656 divisa
210 2601 237 2656 in
254 2601 342 2656 litum
359 2601 465 2656 Vinium
481 2600 610 2656 consulem
623 2606 649 2657 et
665 2601 810 2658 Cornelium
826 2603 907 2658 Laco-

113 2677 454 2748 nempraetoriipraiectum.
490 2677 547 2732 Nec
555 2678 639 2733 minor
648 2679 807 2750 gratiaIcelo
820 2679 931 2734 Gabar

113 2753 210 2820 liberto,
224 2772 300 2824 quem
312 2754 412 2808 annulis
424 2753 546 2808 donatum
558 2754 672 2825 equestri
683 2756 784 2810 nomine
796 2755 906 2808 Marcia-

112 2848 174 2885 num
196 2830 349 2886 voeitabant.
385 2829 424 2884 Hi
452 2828 588 2894 discordes,
614 2833 641 2884 et
663 2830 740 2885 rebus
764 2829 929 2887 minoribusa

113 2906 160 2963 eibi
172 2907 278 2979 quisque
295 2905 438 2975 tendentes,
454 2905 522 2962 cirea
536 2905 669 2962 eonsilium
682 2905 793 2976 eligendi
806 2919 905 2959 sueces-
