2096 3038
189 354 222 413 Ο.
246 353 507 414 CORNELII
547 350 732 414 TAOITI

223 517 270 570 AB
289 517 442 572 EXOESSU
460 518 541 572 DIVI
558 515 711 572 AUGUSTI

72 678 862 774 HISTORIARUM

325 853 439 910 urana
455 856 616 913 uniamus.
691 837 694 848 '

99 1147 230 1202 Menona
239 1145 293 1200 fato
305 1145 403 1216 fideque
415 1147 525 1217 partium
534 1146 710 1201 Flavianarum
719 1143 796 1199 duees
808 1148 891 1204 eeu-l

73 1224 134 1280 silla
151 1223 210 1278 belli
227 1221 381 1278 tractabant.
417 1223 592 1278 Poetovionem
611 1224 639 1278 in
658 1222 764 1278 bibema
781 1219 865 1276 tertis

74 1299 181 1355 decime
203 1299 310 1370 legionis
329 1303 507 1354 eonvenerant.
543 1299 600 1355 Illie
624 1300 760 1372 agitavere,
786 1299 890 1368 pleae-2

74 1381 150 1432 retne
173 1375 272 1432 obstrui
295 1376 432 1432 Pannonia
455 1377 542 1448 Alpes,
567 1375 647 1432 donee
667 1395 683 1432 a
702 1379 776 1447 tergo
799 1374 866 1430 vires

7 1515 9 1524 s
74 1453 202 1508 universe
214 1457 404 1524 consurgerent,
417 1472 449 1508 an
460 1454 498 1509 ire
514 1455 654 1509 comminus
672 1458 698 1509 et
711 1457 808 1509 certare
820 1469 866 1522 pro

7 1547 8 1574 ἐ
75 1530 155 1588 Italia
172 1529 330 1584 constantius
353 1529 428 1586 soret.
472 1531 573 1590 Quibus
591 1531 701 1603 opperiri
724 1529 818 1585 auxilie
840 1533 891 1586 ets

75 1607 180 1664 trabere
192 1606 285 1662 bellum
297 1605 439 1672 videbatur,
454 1608 658 1664 Germanicarum
676 1608 802 1679 legionum
816 1605 868 1660 rim

75 1685 222 1753 famamque
239 1683 401 1750 extollebant,
417 1688 444 1738 et
462 1684 595 1740 advenisse
613 1703 673 1740 mox
690 1703 747 1740 eum
764 1683 870 1738 Vitellio

76 1759 223 1816 Britanniei
235 1759 363 1814 exereitus
378 1759 485 1815 robora:
504 1761 567 1832 ipsis
578 1780 626 1816 nee
638 1779 771 1816 numerum
783 1779 871 1831 parem

77 1836 212 1908 pulsarum
237 1854 318 1907 nuper
345 1836 492 1907 legionnm3
522 1843 548 1893 et
577 1856 721 1909 quanquam
749 1837 871 1892 atrociter

77 1915 253 1984 loquerentur,
265 1913 386 1967 minorem
398 1931 454 1969 esse
470 1915 538 1985 apud
554 1916 636 1970 vietos
654 1915 773 1969 animum.
811 1912 894 1978 Seis

77 1989 185 2048 insessis
201 1989 303 2044 interim
315 1988 430 2060 Alpibus,
444 1997 580 2045 venturum
593 2009 651 2044 eum
667 1990 745 2060 eopiis
758 1989 871 2044 Orientis

80 2065 238 2134 Mucianum.
276 2066 412 2136 Superesse
421 2067 578 2136 Vespasiano
590 2084 666 2130 mare,
675 2067 775 2130 classes,
787 2064 873 2120 studia

80 2141 275 2212 provinciarum,
286 2160 331 2213 per
343 2161 405 2212 quas
417 2143 487 2196 velut
500 2142 603 2196 alterius
611 2141 670 2196 belli
683 2140 773 2194 molem
785 2140 871 2196 cieret.

82 2219 127 2272 Ito
146 2217 240 2272 salubri
259 2235 330 2274 mora
352 2236 430 2272 novas
455 2218 520 2272 vires
545 2219 629 2282 affore,
654 2220 681 2271 et
704 2216 872 2287 praesentibus

81 2295 147 2349 nibil
158 2294 307 2366 periturum.
344 2295 386 2350 Ad
398 2313 428 2349 ea
439 2295 567 2349 Antonius
579 2294 681 2349 Primus
691 2295 701 2355 t
702 2295 723 2349 is
736 2294 898 2352 acerrimus2

82 2370 144 2426 belli
155 2371 289 2440 eoneitor,)
303 2371 494 2426 festinationem
511 2371 574 2442 ipsis
590 2371 686 2438 utilem,
699 2371 804 2426 Vitellio
821 2373 874 2426 exi-

83 2448 177 2502 tiosam
195 2447 323 2502 dissensit.
360 2448 421 2501 Plus
440 2448 561 2503 socordiae
579 2466 654 2519 quam
672 2447 771 2504 fiduciae
792 2462 897 2508 aceesl

84 2524 149 2580 sisse
167 2523 314 2580 victoribus.
349 2523 442 2594 Neque
460 2525 528 2579 enim
543 2525 570 2579 in
587 2525 720 2595 procinctu
738 2531 764 2581 et
782 2527 873 2582 eastris

85 2600 203 2656 habitos:
228 2619 274 2672 per
292 2600 376 2656 omma
393 2601 476 2656 Italiae
493 2601 630 2673 municipia
647 2602 754 2668 desides,
772 2605 874 2657 tantum

85 2677 231 2750 hospitibus
243 2677 401 2743 metuendos,
415 2681 510 2750 quanto
528 2678 637 2734 leroeius
652 2683 711 2734 ante
723 2698 751 2734 se
767 2679 873 2748 egerint,
