2104 3022
281 97 331 148 DE
349 97 576 150 osdronlsus
593 101 697 151 tt-tt.
846 105 894 151 816

98 209 442 284 perciperetotreconditas
459 213 505 266 aut
521 210 671 270 tenrarirs
686 213 894 282 respoteatnisi

96 291 130 344 ut
142 288 254 344 seientia
264 287 406 354 meditatio,
419 286 580 344 meditationi
596 286 713 353 insultes,
726 286 843 343 nouitati
853 288 892 345 ris

96 363 248 436 eloquentis
266 364 378 422 secedat.
414 363 466 420 Per
486 382 543 436 que
560 363 697 434 colligitur,
714 362 819 419 eandem
835 382 892 420 esse

95 442 223 498 rationem
243 449 270 498 et
290 439 447 513 percipiendi
470 439 539 512 qnod
557 440 680 510 proferes,
699 443 726 496 et
746 440 892 512 proferendi

95 535 154 588 qum
172 517 322 588 perceperis.
360 516 411 572 Sed
428 515 451 572 si
468 515 511 572 cui
528 515 676 574 obscuriora
691 516 745 573 hec
761 515 913 584 videntum

94 591 169 664 isque
192 593 324 650 scentiam
348 593 380 650 sb
404 592 585 650 exercitatione
609 596 719 664 separet,
738 591 802 648 iilud
821 596 891 649 certe

94 670 226 736 concedet,
248 670 405 726 instructum
424 673 451 724 et
472 667 576 738 plenum
596 668 637 724 his
660 669 758 725 artibrn
779 669 891 725 animum

93 744 171 818 longe
189 747 341 818 paratiorem
360 744 393 812 nd
410 763 453 802 eas
471 743 665 800 eremitationes
677 749 821 812 venturum,
834 764 890 818 quse

94 822 205 894 propria
216 825 347 878 orstcrum
358 820 485 878 ridentur.

130 898 224 970 “Ergo
238 897 307 970 apud
321 897 429 968 majores
444 895 571 952 nostros'
561 895 663 984 Juvenis
676 895 776 966 dloqui
793 896 849 951 foro
861 900 888 952 et
897 901 935 959 34

93 971 245 1044 eloquentie
268 973 412 1045 perebetur,
436 971 582 1028 imbutus
572 989 626 1044 Jam
648 971 787 1027 domestice
810 971 886 1027 disei-

93 1049 171 1120 pline,
194 1051 304 1108 refertus
327 1050 442 1110 honestis
465 1049 566 1118 studiis,
583 1049 756 1106 deducebatur
776 1067 792 1104 s
814 1054 887 1120 patre

93 1126 135 1182 vei
158 1145 173 1183 e
196 1129 346 1200 propinquis
364 1128 396 1184 ad
413 1145 473 1184 eum
489 1133 617 1182 oratorem
635 1126 680 1197 qui
696 1125 836 1197 prinoipem
859 1125 885 1181 in

93 1202 198 1260 oivimte
209 1204 293 1261 locum
304 1203 443 1261 obtinebat.
478 1202 558 1258 Hunc
569 1201 669 1269 secturi,
680 1201 748 1257 hune
759 1202 910 1272 prosequi‚2

92 1277 170 1350 hujus
182 1279 299 1338 omnibus
311 1279 465 1336 dictionibus
476 1277 600 1334 interesse
616 1278 670 1334 sire
681 1277 709 1333 in
718 1277 820 1349 judiciis
832 1277 886 1334 sire

92 1353 121 1408 in
132 1356 295 1412 concionibus
311 1353 481 1420 ossuescebat,
492 1354 530 1410 ita
546 1357 577 1412 ut
593 1353 769 1410 altercetiones
785 1372 886 1426 qnoque

92 1432 220 1502 exciperet
236 1437 263 1489 et
277 1432 370 1504 jurgiis
385 1431 529 1495 interesset,
540 1433 622 1502 utque
639 1429 676 1486 sic
692 1429 808 1497 dixerim,
821 1449 885 1503 pog

91 1523 153 1562 esra
164 1507 192 1562 in
202 1509 289 1580 praelio
301 1509 417 1566 disceret.
454 1507 566 1580 Magnus
582 1525 614 1564 ex
625 1506 674 1562 hoo
691 1525 753 1563 usus
764 1472 885 1564 miiitum
893 1519 908 1566 8

93 1600 142 1652 qne
154 1586 340 1658 constentire,p
340 1585 461 1642 lnrimuna
470 1583 560 1656 judicii
568 1582 705 1654 juvenibus
721 1585 809 1640 stetim
826 1602 885 1642 oon-

87 1657 242 1729 tingebat’
233 1679 261 1718 ιιι
281 1605 364 1718 medie
386 1661 443 1718 luce
464 1659 569 1718 student
557 1660 626 1716 tibus
650 1664 728 1732 etque
745 1661 837 1716 inter'
829 1679 885 1732 rpsn

91 1731 243 1799 diwnmine,
264 1733 310 1790 ubi
328 1753 402 1790 nemo
423 1735 527 1806 impune
545 1735 625 1792 stulte
645 1736 805 1806 aliquidaut
825 1754 884 1792 con

91 1807 167 1862 trerie
179 1807 249 1873 dicit,
255 1825 315 1897 'quo
328 1809 442 1866 ruinose
443 1810 550 1878 tjudex
561 1814 665 1879 respuat
681 1814 708 1864 et
724 1810 884 1866 ιάτιιιιιίιιε

90 1881 261 1952 exprobret'
253 1883 302 1954 1psi
325 1883 433 1956 deumne
452 1883 568 1939 cdvocmi
585 1887 760 1953 aspernentur.
796 1885 906 1956 igiturs

90 1977 150 2015 rere
166 1959 254 2019 stetim
272 1962 299 2014 et
316 1957 466 2030 incorrupte
481 1959 625 2030 eloquentie
641 1959 835 2028 imbuebantur3
853 1965 883 2018 et

91 2053 233 2107 quanquam
251 2055 331 2094 rmum
352 2039 527 2107 sequerentur,
547 2038 633 2092 temen
656 2053 743 2094 omnes
767 2037 882 2106 ejusdem

11 2159 12 2168 ,
90 2113 172 2170 etstis
189 2115 310 2184 pemoucs
328 2113 356 2170 in
372 2111 488 2184 piurimis
506 2115 533 2168 et
550 2111 633 2168 censis
654 2116 680 2168 et
695 2111 797 2184 judiciis
821 2131 881 2186 cog-

89 2189 226 2246 noscebant
235 2210 243 2258 ;
260 2189 437 2262 habebuntque
452 2189 532 2260 ipsius
549 2189 638 2260 populi
654 2188 881 2245 diversissimarum

90 2265 187 2320 surium
205 2267 310 2338 sepium,
329 2285 430 2338 exque
449 2265 523 2322 focile
540 2263 757 2336 deprehenderent
775 2265 835 2336 qnid
852 2266 881 2324 in

90 2359 188 2413 quoque
208 2344 250 2399 vel
268 2343 420 2414 probaretur
438 2342 479 2398 vel
499 2341 651 2412 displiceret.
687 2342 731 2397 Ita
749 2359 798 2398 noo
817 2353 904 2413 pree-6

90 2421 176 2488 eeptcr
199 2417 293 2485 deerat,
319 2420 433 2490 optimus
455 2418 558 2490 quidem
580 2421 607 2474 et
634 2417 809 2486 electissimus,
834 2421 882 2491 qui

11 2491 12 2500 ¹
89 2500 176 2556 iscium
197 2502 355 2575 eloquentie,
373 2521 426 2558 non
446 2501 582 2574 imaginem
600 2505 752 2572 pressioret3
770 2521 818 2559 neo
837 2503 880 2558 sd·

89 2577 190 2633 versarii
208 2582 235 2634 et
254 2579 339 2635 samnii
362 2579 437 2644 ferro,
458 2596 511 2635 non
530 2576 637 2634 rudibus
658 2577 813 2646 dimicantes,
833 2578 880 2634 sed

11 2717 12 2722 η
90 2653 240 2711 auditorium
257 2673 358 2728 semper
375 2655 484 2728 plenum,
501 2672 601 2726 semper
617 2672 720 2726 novum,
736 2673 768 2711 ex
785 2652 879 2711 insistis

11 2749 15 2959 i
