2096 3038
63 322 80 359 Δ
97 321 115 358 D
130 321 172 368 w]
234 257 487 306 HISTORIARUM
506 256 542 305 Il.
561 258 664 305 59-68,
822 261 852 307 86

63 368 176 423 stolidum
193 368 286 438 vulgus
301 367 469 423 inviolabilem
488 367 615 433 credebat,
628 367 708 423 donee
720 371 852 440 spectante

1 503 2 510 ,
62 444 161 499 Vitellio
173 444 325 499 interiectus
337 449 384 499 est.

95 521 149 575 Nea
167 521 236 574 ultra
254 521 281 575 in
300 520 441 576 defectores
462 523 507 574 aut
525 520 593 575 bona
610 520 760 592 cujusquam
780 521 899 578 saevi-62

61 600 128 651 tum:
147 602 204 651 rata
219 596 290 651 fuere
308 615 396 651 eorum
412 597 456 668 qui
473 597 526 651 aeie
544 597 690 650 Othoniana
707 597 852 653 aesiderant

60 677 217 738 testamenta,
243 678 288 727 aut
311 673 353 728 lex
381 673 518 728 intestatis.
554 673 671 738 Prorsus,
693 673 716 727 si
744 673 852 730 luxuria

59 754 217 820 temperaret,
231 749 362 804 avaritiam
374 767 426 804 non
437 749 549 804 timeres.
585 749 727 819 Epularum
745 749 814 806 loeda
826 752 876 806 et2

59 825 216 896 inexplebilis
236 822 327 880 libido:
347 844 381 880 ex
404 825 467 880 urbe
491 829 568 895 atque
591 825 669 880 Italia
692 826 853 882 irritamenta

58 901 124 974 gulae
147 901 319 972 gestabantur,
342 901 515 972 strepentibus
538 900 575 958 ab¹
590 905 701 972 utroque
724 903 787 957 mari
810 904 853 958 iti·

58 977 176 1044 ueribus3
207 977 324 1032 exhausti
347 977 517 1032 conviviorum
544 977 706 1046 apparatibus
726 979 852 1050 principes

58 1055 209 1118 civitatum3
227 1053 395 1108 vastabantur
415 1054 476 1123 ipse
495 1052 628 1119 civitates;
654 1052 821 1124 degenerabat
837 1074 854 1110 a

57 1131 142 1186 labore
166 1148 195 1184 ao
219 1130 315 1185 virtute
339 1129 411 1183 miles
435 1127 600 1182 assuetudine
629 1128 797 1199 voluptatum,
825 1135 852 1186 at

57 1212 206 1278 contemptu
230 1208 310 1262 ducis.
346 1206 473 1261 Praemisit
500 1206 527 1259 in
551 1205 641 1260 urbem
666 1207 776 1261 edietum
802 1220 877 1278 quob

56 1283 207 1340 vocabulum
231 1284 344 1354 Augusti
369 1282 489 1348 differret,
514 1281 622 1336 Caesaris
645 1300 697 1337 non
720 1283 851 1354 reciperet,

57 1379 116 1416 eum
137 1359 175 1414 de'
188 1365 315 1431 potestate
336 1359 400 1415 nihil
420 1357 574 1412 detraheret.
610 1358 683 1413 Pulsi
703 1359 780 1414 Italia
801 1378 853 1415 ma-

56 1437 195 1492 thematiei.
232 1437 341 1492 Cautum
358 1453 445 1492 severe
457 1454 490 1490 ne
507 1435 606 1506 equites
624 1435 734 1491 Romaui
748 1436 808 1491 ludo
826 1441 853 1493 et

57 1531 134 1571 arena
156 1514 338 1585 polluerentur.
374 1512 478 1569 Priores
499 1511 527 1566 id
547 1511 674 1584 principes
698 1514 805 1584 pecunia
825 1519 878 1570 etd

57 1591 151 1662 saepius
174 1592 200 1646 vi
224 1591 402 1663 perpulerant;
422 1609 451 1645 ae
475 1589 595 1660 pleraque
616 1590 752 1662 municipia
770 1595 796 1646 et
813 1609 852 1646 eo·

55 1668 130 1724 lonioe
143 1668 325 1724 aemulabantur
337 1667 555 1740 eorruptissimum
568 1685 693 1738 quemque
711 1667 852 1724 adolescen-

55 1745 122 1801 tium
135 1746 218 1816 pretio
230 1745 333 1800 illicere.

91 1822 143 1878 Sed
162 1821 291 1886 Vitellius,
311 1823 423 1876 adventa
441 1819 536 1884 fratris,
559 1823 595 1886 et,
615 1821 786 1892 irrepentibus
808 1819 899 1885 do-63

54 1899 202 1954 minationis
220 1898 356 1968 magistris,
371 1895 504 1967 superbior
522 1899 548 1950 et
567 1898 683 1962 atrocior,
701 1897 782 1952 oeeidi
799 1897 853 1951 Do·

53 1975 172 2029 labellam
192 1974 279 2044 jussit,
297 1993 371 2044 quern
390 1974 418 2026 in
438 1972 561 2026 coloniam
582 1974 735 2042 Aquinatem
758 1974 853 2044 seposi-

54 2055 113 2103 tum
139 2049 170 2102 ab
195 2049 297 2101 Othone
320 2048 461 2102 retulimus.
498 2047 637 2111 Dolabella,
660 2047 748 2101 audita
770 2053 875 2103 martel

54 2124 176 2188 Othonis,
207 2122 296 2176 urbem
325 2122 466 2176 introierat.
502 2120 534 2174 Id
563 2122 587 2175 ei
611 2123 732 2176 Plancius
759 2124 853 2190 Varus,

53 2205 170 2274 praetura
193 2198 305 2265 functus,
328 2217 361 2252 ex
384 2197 480 2250 intimis
504 2196 642 2251 Dolabella
666 2197 760 2262 amieis,
786 2198 853 2268 apud

52 2279 172 2334 Flavium
195 2273 316 2330 Sabinum
337 2272 486 2345 prefectum
509 2271 581 2326 urbis
605 2272 706 2341 objecit,
731 2277 853 2344 tanquam

51 2360 133 2427 rupta
153 2351 270 2410 custodia
290 2351 380 2406 ducem
399 2367 427 2404 se
450 2349 524 2404 vietis
548 2349 663 2419 partibus
686 2354 851 2410 ostentasset.

52 2431 163 2488 Addidit
185 2433 309 2485 tentatam
330 2428 467 2491 eohortem,
492 2444 549 2496 qua
572 2425 653 2482 Ostiae
673 2432 774 2499 ageret3
805 2445 875 2490 meua

52 2510 114 2564 ullis
126 2512 256 2564 tantorum
269 2506 403 2562 eriminum
419 2503 618 2575 probationibus,
634 2505 661 2558 in
679 2505 852 2576 penitentiam

52 2604 146 2641 versus
160 2603 242 2640 seram
258 2584 357 2639 veniam
374 2585 435 2653 post
450 2581 532 2636 seelus
550 2581 686 2652 quaerebat.
723 2583 877 2640 Cunctae-4

52 2666 109 2717 tem
122 2679 199 2732 super
210 2664 284 2715 tanta
294 2678 322 2715 re
334 2659 450 2714 Flavium
463 2658 584 2713 Sabinum
596 2659 694 2712 Triaria
705 2659 736 2712 L.
753 2657 853 2712 Vitellii

52 2756 129 2808 uxor,
142 2737 210 2793 ultra
220 2737 339 2794 feminam
351 2737 430 2803 ferox,
444 2735 545 2803 temnit,
563 2754 596 2791 ne
608 2735 720 2806 periculo
732 2731 852 2804 principis
