2070 3204
94 386 115 426 Δ
134 385 153 424 D
170 386 213 435 69]
285 324 541 372 HISTORIARUM
559 324 579 372 l.
598 325 703 373 52-55.
859 323 889 373 si

94 436 239 506 squalorem
263 435 458 507 mastitiamque
482 435 624 506 compositi,
642 453 688 506 per
706 433 830 506 principia
847 452 894 506 per

93 511 262 566 contubernia
278 511 353 566 modo
365 530 425 566 suas
437 512 542 583 injurias
555 512 630 566 modo
646 512 787 567 vicinamm
804 509 893 567 civita-

92 588 160 642 tium
167 589 277 658 praemia,
284 594 310 643 et
318 589 362 644 ubi
371 589 456 660 pronis
465 589 574 644 militum
583 589 687 644 auribus
695 587 892 659 accipiebantur,

92 664 175 734 ipsius
200 665 327 718 exercitus
351 665 463 736 pericula
480 668 507 720 et
525 665 690 720 contumelias
709 668 893 736 conquerentes

92 739 264 796 accendebant
289 741 394 796 annuos.
436 741 493 796 Nec
517 741 606 812 procul
629 741 754 796 seditione
778 741 915 810 uberante

92 834 152 872 cum
164 816 328 872 Hordeonius
342 817 448 872 Flaccus
466 817 535 872 abire
553 818 659 889 legatos,
672 821 753 888 utque
770 817 893 872 occultior

92 893 224 964 digressus
248 897 324 960 esset,
348 898 424 949 nocte
448 895 538 950 castris
563 894 684 950 excedere
707 894 789 965 jubet.
825 891 916 948 Inde4

92 975 168 1024 atrox
185 988 278 1036 rumor,
292 970 474 1026 affirmantibus
491 971 619 1042 plerisque
633 971 830 1036 interfectoque
842 969 892 1024 nisi

91 1046 143 1116 ipsi
160 1046 329 1111 consulerent,
343 1047 398 1102 fore
416 1051 446 1102 ut
464 1048 580 1102 acerrimi
594 1047 704 1102 rnilitum
717 1051 743 1102 et
756 1043 895 1118 prasentia

92 1123 227 1192 conquesti
244 1141 289 1192 per
307 1123 426 1178 tenebras
444 1127 470 1178 et
487 1123 615 1178 inscitiam
630 1127 773 1178 ceterorum
792 1120 891 1178 occide-

91 1203 189 1253 rentur.
227 1199 431 1270 Obstringnntur
445 1199 512 1254 inter
527 1217 554 1254 sc
572 1200 651 1254 tacito
663 1199 757 1254 foedere
769 1199 914 1270 legionesc

91 1274 253 1330 Adsciscitur
265 1276 415 1330 auxiliorum
428 1275 507 1340 miles,
522 1276 605 1346 primo
616 1279 751 1345 suspectus
769 1279 892 1346 tanquam

92 1350 254 1406 circumdatis
266 1350 413 1406 cohortibus
433 1351 528 1422 alisque
540 1351 651 1422 impetus
668 1353 696 1404 in
712 1350 825 1422 legiones
844 1370 889 1421 pa-

91 1431 199 1492 raretur,
212 1445 272 1482 mox
284 1427 371 1482 eadem
384 1428 467 1482 acrius
483 1427 594 1495 volvens,
607 1427 718 1481 faciliore
730 1427 798 1482 inter
810 1428 890 1485 malos

91 1521 218 1558 consensu
241 1503 273 1559 ad
296 1504 391 1562 bellum
420 1522 496 1574 quam
519 1505 547 1558 in
573 1521 635 1574 pace
662 1503 695 1557 ad
722 1501 888 1562 concordiam.

91 1579 222 1634 Inferioris
231 1583 316 1634 tamen
324 1581 465 1635 Germania
472 1580 584 1652 legiones
593 1579 708 1634 sollemni
717 1578 889 1636 Kalendarum
897 1581 934 1634 5⁵

90 1657 269 1712 ‚Ianuariarum
277 1661 435 1712 sacramento
442 1677 489 1729 pro
498 1657 579 1712 Galba
586 1657 689 1724 adacte,
697 1656 779 1711 multa
788 1663 890 1714 cuncta·

90 1732 161 1788 tione
173 1736 199 1788 et
211 1734 274 1788 raris
286 1735 426 1805 primorum
438 1733 556 1790 ordinum
569 1733 682 1798 vocibus,
696 1733 775 1788 ceteri
787 1733 889 1790 silentio

90 1815 201 1884 proximi
212 1815 337 1886 cujusque
349 1815 479 1871 andaciam
491 1820 676 1886 exspectantes,
694 1814 773 1869 insita
795 1818 888 1870 morta·

89 1889 157 1945 libus
169 1894 267 1956 natura,
281 1910 387 1962 propere
400 1893 472 1963 sequi
499 1911 555 1963 qua
579 1893 651 1964 piget
674 1891 800 1946 inchoare.
838 1891 913 1946 neda

89 1966 153 2036 ipsis
171 1966 312 2038 legionibus
331 1968 413 2023 inerat
438 1969 571 2025 diversitas
590 1970 738 2024 animorum
774 1966 888 2023 Primani

90 2042 255 2115 quintanique
270 2045 369 2100 turbidi
381 2045 443 2100 adeo
455 2052 485 2100 nt
497 2046 599 2117 qnidam
612 2063 673 2100 saxa
684 2045 711 2099 in
724 2042 811 2098 Galbae
827 2043 889 2098 ima·
906 2069 909 2076 ·

89 2118 163 2188 gines
173 2119 281 2190 jecerint
292 2143 298 2174 :
312 2121 510 2190 quintadecima
522 2140 551 2176 ac
564 2125 637 2176 sexta
654 2121 751 2175 decima
775 2118 888 2188 legiones

88 2193 154 2248 nihil
165 2194 235 2248 ultra
251 2195 382 2250 fremitum
394 2201 420 2262 et
439 2198 520 2251 minas
537 2215 604 2252 ausae
621 2197 722 2251 initium
738 2194 888 2263 erumpendo·

90 2269 346 2338 circumspectabant.
383 2273 420 2326 bt
432 2271 459 2326 in
476 2273 605 2341 superiore
624 2271 738 2326 exercitu
756 2273 847 2338 quarta
858 2282 911 2327 ace

89 2342 294 2400 duodevicesima
310 2344 430 2416 legiones,
442 2345 522 2400 isdem
541 2347 653 2402 hibernis
672 2344 815 2408 tendentes,
832 2344 889 2416 ipso

90 2426 265 2482 Kalendarum
273 2428 451 2484 Januarisrum
460 2428 500 2483 die
508 2427 657 2500 dirumpunt
664 2427 887 2499 imaginesGalboe,

90 2507 181 2574 quarta
196 2503 264 2576 legio
275 2504 425 2575 promptius,
439 2505 642 2562 duodevicesima
657 2507 814 2569 cunctanter,
828 2522 889 2560 mox
945 2503 946 2506 ’

90 2597 223 2636 consensu.
253 2583 332 2636 Acne
344 2582 511 2637 reverentiam
522 2583 621 2654 imperii
630 2601 722 2639 exuere
730 2581 911 2648 viderentur,4

90 2661 194 2713 senatus
218 2660 356 2730 populique
379 2661 490 2716 Romani
507 2661 642 2717 obliterata
657 2663 709 2734 jem
728 2660 831 2716 nomina
848 2677 889 2716 aa·

91 2739 219 2789 eramento
243 2736 407 2802 advocabant,
433 2739 503 2793 nnllo
528 2738 671 2810 legatorum
694 2738 888 2794 tribunorumve

92 2827 138 2880 pro
150 2811 231 2865 Galba
241 2813 347 2877 nitente,
361 2813 518 2884 quibusdam,
531 2819 562 2868 nt
570 2815 601 2869 in
613 2815 734 2878 tumultu,
751 2810 888 2866 notabilius

91 2885 262 2943 turbantibus.
293 2889 355 2944 Non
367 2893 452 2945 tamen
461 2891 595 2962 quisquam
606 2891 634 2946 in
642 2890 749 2946 >modam
757 2884 911 2944 concionisc
