2070 3204
185 147 216 194 18
521 143 642 194 ΤΑΟΙΉ

824 207 843 246 u
861 206 889 246 u.
898 206 921 246 c.
932 205 976 247 ssu

161 259 272 328 2postou
283 253 407 310 creditum
419 258 468 320 est,
480 255 579 310 insidiis
591 259 618 310 et
634 207 822 310 simulationc.[
839 255 940 310 Missus
952 261 980 311 et

183 332 274 387 Celsus
286 331 386 385 Marius
398 330 431 385 ud
443 331 538 386 electos
550 332 648 403 lllyrici
665 331 801 396 exercitus,
814 331 941 401 Vipsania
952 333 980 387 in

159 409 283 482 oportiou
294 406 436 463 tendentes.
473 408 634 478 Pruceptum
651 408 754 463 Amulio
771 408 866 463 Sereno
882 413 910 462 et
926 409 981 464 Do

182 486 255 540 mitio
280 484 373 539 Sabino
394 483 592 554 primipilaribus
613 489 644 539 ut
667 484 829 539 Germanicos
851 483 981 540 militese

161 560 567 616 thibertatisutrioaccerserent.
604 559 980 632 Legioniclassioaediffidebat,

181 638 282 693 infesta
299 636 332 691 ob
350 637 445 691 cedem
463 637 671 702 commilitonum,
696 655 760 708 quos
783 637 866 706 primo
889 638 982 692 stetim

160 715 290 770 §introitu
307 712 479 768 trucidaverat
496 713 585 768 Galba.
622 714 738 784 Pergunt
756 713 833 767 etiam
848 713 876 767 iu
893 718 982 769 castra
1023 723 1024 754 ³

183 791 391 864 pretorianorum
400 789 505 856 tribuni,
515 789 618 844 Cetrius
627 791 744 856 Serenus,
753 789 860 844 Subrius
868 789 979 857 Dexter,

182 867 319 937 Pompeius
343 866 485 936 Longinus,
510 866 533 920 si
554 866 679 936 incipieus
702 866 786 921 adhuc
813 869 840 920 ct
867 866 982 922 necdum

160 943 270 1002 sadum
278 941 369 997 seditio
381 941 527 997 melioribus
539 943 650 998 consiliis
662 943 815 998 flecteretur.
851 941 982 998 'l'ribnuo-

182 1037 238 1073 rum
251 1018 371 1074 Subrium
379 1023 407 1072 et
419 1018 534 1072 Cetrium
544 1018 628 1073 adorti
636 1019 729 1074 milites
737 1019 819 1083 minis,
831 1019 981 1088 Longinum

181 1096 297 1151 manibus
310 1099 428 1150 coercent
437 1104 627 1166 exarmantque,
641 1097 761 1166 quianon
772 1095 860 1151 ordine
869 1095 980 1162 militiae,

182 1173 227 1228 sed
238 1192 253 1228 e
265 1172 352 1228 Galbae
365 1171 460 1236 uminis,
473 1171 540 1225 fidus
558 1172 666 1243 principi
678 1190 725 1227 suo
737 1176 764 1227 et
776 1172 980 1228 desciscentibus

160 1251 323 1320 tsnspeotior
335 1252 399 1303 erat.
435 1249 518 1318 Legio
530 1248 635 1303 classica
644 1249 707 1304 nibil
714 1253 835 1304 cunctata
845 1250 980 1319 pretoriu-

181 1327 222 1378 nis
234 1324 391 1395 adjungitur.
420 1323 517 1394 Illyrici
528 1325 656 1380 exercitus
668 1325 742 1380 electi
752 1325 855 1380 Celsum
866 1325 979 1396 ingestis

159 1399 239 1469 8pilis
263 1398 441 1468 proturbant·
475 1401 625 1455 Germanicu
649 1401 742 1457 vexilla
771 1401 816 1455 diu
843 1405 977 1468 uulnvere,

181 1474 297 1529 invalidis
315 1473 398 1528 adhuc
414 1475 562 1544 corporibus
574 1481 601 1532 et
613 1477 719 1548 placetis
736 1477 833 1542 animis,
852 1477 920 1548 qued
932 1497 978 1534 eos

181 1567 197 1604 u
214 1550 318 1604 Nerone
336 1549 517 1605 Alexandriam
535 1555 679 1622 premissos
703 1557 781 1624 atque
809 1553 868 1608 inde
885 1572 977 1610 rursus

181 1624 257 1696 longa
276 1627 439 1696 navigatione
451 1645 533 1698 egros
545 1629 698 1699 impensiore
710 1647 771 1684 cura
788 1630 869 1685 Gulbu
879 1631 979 1688 refove

139 1701 173 1752 ³2
181 1701 233 1757 bat.
269 1702 397 1756 Universa
413 1702 465 1773 jam
486 1703 558 1773 plebs
582 1705 710 1761 Pulutium
734 1705 863 1775 implebat,
888 1707 978 1764 uuixtis

181 1779 299 1845 servitiis,
321 1784 348 1835 et
368 1780 470 1835 dissono
492 1783 601 1838 clamore
625 1785 719 1840 oedem
737 1785 848 1839 Othonis
869 1789 896 1840 et
916 1804 979 1842 oon-

177 1858 323 1925 jurutorum
335 1856 442 1912 exitium
457 1859 626 1927 poscentium,
637 1865 668 1915 ut
680 1861 741 1915 siin
753 1861 820 1915 circo
832 1879 862 1915 uo
873 1861 978 1918 theatro

179 1931 305 1987 ludicrum
323 1932 425 2003 uliquod
436 1935 611 2003 postularent:
630 1955 713 2007 neque
728 1936 778 1992 illis
788 1936 913 2007 judicium
930 1944 978 1995 aut
1024 1997 1025 2002 ,

179 2009 282 2077 veritus,
294 2009 388 2080 quippe
407 2009 496 2064 eodem
520 2011 560 2066 die
579 2013 680 2068 diversa
695 2012 750 2083 pari
764 2014 901 2068 conamine
920 2034 979 2086 pos-

177 2086 306 2152 tulaturis,
336 2085 381 2141 sed
409 2086 504 2142 tradito
532 2106 602 2144 more
632 2107 808 2160 quemcunque
836 2091 979 2161 principem
1024 2093 1025 2106 ¹

179 2163 298 2219 adulandi
326 2163 429 2218 licentia
451 2163 660 2220 acclamationum
683 2168 710 2220 et
734 2165 826 2220 studiis
849 2167 977 2224 inanibus.

156 2239 287 2294 nlnterim
312 2240 418 2294 Galbam
442 2239 499 2294 dum
528 2241 662 2296 sententie
690 2241 854 2297 distinebant.
900 2244 978 2300 'litus

178 2312 271 2368 Vinius
283 2315 435 2369 manendum
445 2315 513 2370 intro
524 2315 635 2382 domum,
648 2317 798 2388 opponendo
809 2318 919 2384 servitia,
935 2321 978 2375 tir-

156 2388 283 2443 umaudos
296 2389 390 2453 aditus,
403 2405 456 2442 non
471 2391 583 2445 eundum
595 2393 627 2446 ad
638 2394 717 2448 iratos
730 2394 857 2449 censebat.
893 2396 977 2452 Daret

178 2463 302 2518 malorum
311 2463 473 2533 penitentie,
487 2464 559 2520 daret
571 2466 694 2524 bonorum
708 2471 842 2526 consensui
854 2471 974 2539 spatium.

154 2539 280 2596 ssocleru
291 2538 396 2608 impetu,
410 2537 477 2593 bonu
488 2541 592 2596 consilia
603 2561 674 2598 mora
685 2545 819 2600 valescere.
855 2546 975 2617 Denique

177 2615 255 2670 eundi
275 2614 352 2679 ultro,
363 2614 387 2669 si
405 2615 470 2670 ratio
489 2617 531 2681 sit,
551 2618 654 2674 eundem
673 2620 976 2686 moxlacultatem31e

134 2697 170 2751 33
178 2709 289 2762 gressus,
302 2691 326 2746 si
338 2691 466 2761 peniteat,
479 2691 507 2746 iu
518 2692 600 2747 alienu
610 2697 745 2762 potestate.
790 2694 975 2754 Festinandum
