2096 3038
170 135 203 184 ω
504 131 626 182 mem

804 193 960 243 [soemo.

169 242 264 298 mirmi
300 243 646 315 Flteruutquusmiefurs
663 261 748 300 rerum
765 243 963 314 leorimoequeet

147 319 341 375 omiserioordiu
361 320 467 376 subiret.
503 324 540 377 At
560 339 613 376 uon
632 321 753 376 Vitellius
771 321 843 376 flexit
867 320 962 384 oeulos,

169 415 217 452 uuo
232 400 273 452 tot
290 396 368 451 milliu
383 397 569 468 iusupultorum
589 399 683 454 uirium
700 398 840 453 exhorruit.
876 399 967 452 Imtue

169 473 246 538 ultro,
271 481 298 528 st
320 477 374 528 tem
398 475 545 546 propinqum
568 476 646 530 sortis
668 475 780 546 ignarum
805 473 965 529 instaurabat

170 567 271 605 suorum
282 549 321 604 dis
332 549 389 605 lou'u

126 620 161 679 71
204 626 273 680 Exin
284 626 404 681 Bunoniae
416 625 521 682 sllubio
533 627 645 682 Valente
654 627 823 698 gladiatorum
835 629 967 696 specum-

170 701 223 756 lum
237 701 329 769 oditur,
347 701 454 758 advecto
470 720 502 757 ex
517 702 581 758 urbe
597 703 676 758 uultu.
713 704 868 773 Quantoque
883 701 966 771 magis

170 778 363 849 propinquebot,
380 783 453 834 tanto
469 779 618 850 oorruptius·
630 780 686 845 itor,
700 779 822 834 immixtis
836 775 968 832 histrioni·

171 851 219 908 bus
237 859 264 909 et
282 853 422 925 spadonum
439 855 560 926 gregibus
577 859 605 910 et
620 859 712 911 eutero
730 854 884 909 Neronianus
902 852 966 907 enlm

150 929 281 1000 tingenio.
317 930 435 1000 Namque
446 935 475 986 et
486 931 615 986 Neronem
633 931 717 1002 ipsum
728 930 849 985 Vitellius
861 929 969 984 admira·

171 1004 242 1060 tione
259 1004 408 1071 oelebmhnt,
427 1007 520 1062 seoturi
535 1011 680 1062 ouutuutem
695 1007 795 1071 solitus,
814 1023 866 1060 nou
879 1023 969 1060 neoes·

171 1081 257 1147 stote,
272 1100 325 1153 quo
339 1081 534 1138 honestissimus
549 1083 665 1154 quisque,
682 1083 728 1138 sed
743 1083 807 1137 luxu
825 1087 853 1136 et
870 1081 968 1152 sugium

150 1158 330 1230 tmuuoiputus
342 1161 500 1229 eruptusque.
536 1160 576 1215 Ut
588 1159 692 1214 Valenti
709 1164 736 1213 et
749 1158 855 1214 Ceoiuae
872 1174 970 1212 ueeuos

172 1234 275 1290 bonoris
292 1253 393 1290 meuses
409 1235 526 1305 aperiret,
546 1236 668 1291 oourotuti
686 1235 792 1308 eliorum
810 1233 967 1298 oonsulutus,

173 1309 347 1366 dissimulatus
360 1311 452 1366 Mucii
464 1311 555 1379 Mauri,
564 1316 685 1382 tunquam
697 1311 899 1366 Othonianorum
910 1327 969 1379 pur-

173 1385 238 1439 tium
250 1385 338 1452 duois;
358 1389 384 1440 et
397 1386 529 1441 Valerium
540 1388 672 1442 Matinum
689 1387 844 1442 destinatum
861 1383 970 1439 uGelbe

173 1461 304 1516 oonsulom
321 1460 429 1527 distulit,
442 1462 512 1518 nullu
529 1463 632 1529 offensu
646 1463 691 1519 sed
705 1464 792 1518 mitem
808 1465 835 1517 et
850 1461 969 1532 injurium

152 1536 287 1608 usegniter
305 1536 424 1591 loturum.
460 1537 588 1594 Pedanius
603 1540 684 1594 Costa
698 1539 833 1606 omittitur,
852 1538 970 1608 ingratus

174 1612 289 1683 principi,
302 1615 332 1666 ut
348 1611 472 1667 adversus
482 1613 611 1669 Neronem
623 1633 708 1681 susus,
722 1619 749 1669 et
761 1614 878 1685 Verginii
892 1614 971 1668 exsti-

174 1687 300 1744 mulatur:
325 1687 447 1742 sedulius
468 1689 575 1758 protulit
592 1709 689 1746 censes
725 1693 848 1761 Aotaeque
865 1690 972 1760 insuper

173 1763 278 1818 Vitellio
290 1764 386 1834 gratim,
399 1766 582 1821 eonsuetudiue
594 1768 699 1823 servitii

130 1843 167 1903 72
209 1839 271 1894 Non
281 1839 351 1895 ultra
362 1858 455 1911 puuoos
468 1841 529 1906 dies,
543 1861 686 1914 umquam
698 1843 798 1898 auribus
812 1842 892 1896 initiis
904 1859 973 1913 ooep·

173 1915 403 1983 tummonduoiuuu
411 1917 499 1973 valuit.
513 1919 655 1974 militarat
664 1919 766 1990 quidum
779 1918 973 1974 Scribonianum

173 2011 200 2050 ue
213 1993 374 2050 Camerinum
386 1994 478 2060 ferens,
491 1994 694 2050 Neronianorum
706 2000 848 2066 temporum
860 2000 932 2050 metu
944 1996 972 2049 in

173 2069 275 2126 Histris
292 2071 455 2136 oooultstum,
475 2070 543 2142 quod
560 2071 612 2127 illio
632 2072 755 2127 clientule
775 2077 802 2126 et
823 2073 878 2141 ugri
899 2075 972 2126 vete-

151 2153 230 2204 trum
243 2148 395 2204 Crassorum
407 2165 439 2204 uu
448 2148 557 2203 nominis
575 2148 650 2204 teror
662 2148 788 2204 mouebat
825 2148 912 2218 igitur
927 2146 973 2202 de·

173 2225 276 2280 terrimo
293 2243 395 2296 quoque
412 2224 439 2278 in
455 2228 633 2295 argumentum
649 2225 741 2280 iubulae
757 2228 896 2294 assumpto,
915 2223 974 2278 vul-

173 2317 221 2370 gus
239 2299 370 2354 credulum
388 2303 414 2354 et
433 2299 535 2369 quidum
552 2301 668 2369 militum,
684 2319 768 2356 errore
782 2301 837 2355 veri
853 2319 899 2354 suu
916 2303 975 2354 tur·
1032 2359 1033 2372 ἵ

172 2373 263 2428 berum
279 2374 372 2439 studio,
386 2375 501 2428 certatim
516 2377 738 2448 aggregabuntur3
756 2395 814 2432 oum
826 2380 975 2447 pertractus
1032 2387 1033 2452 l

173 2448 206 2504 ad
218 2449 358 2514 Vitellium,
372 2449 595 2522 interrogatusque
608 2453 723 2524 quisnam
736 2453 881 2508 mortalium
894 2457 972 2513 esset,
1032 2455 1033 2458 ’

172 2527 309 2594 postquam
328 2524 399 2578 nullu
419 2524 494 2580 dictis
515 2527 577 2582 fides
598 2533 625 2583 et
646 2547 661 2583 s
684 2529 786 2583 domino
809 2527 973 2587 noscebatur,

173 2599 318 2654 eonditioue
329 2599 462 2670 fugitivus,
474 2603 576 2658 nomine
593 2605 666 2671 Gelu,
680 2610 809 2677 sumptum
826 2604 857 2660 de
869 2623 900 2660 eo
912 2623 976 2676 sup-

173 2675 442 2746 plioiumiueurvilem
454 2676 564 2734 modum.
1029 2681 1032 2764 l
