2070 3204
157 138 187 186 12
492 133 612 184 nnclnl

788 195 824 256 [A.
834 194 863 234 u.
873 195 896 234 c.
907 195 954 234 ser.

150 245 231 304 obvio
254 243 383 316 obsequio,
407 244 519 316 privates
543 261 602 315 spes
626 244 753 315 ugitsme
774 261 829 298 sure
850 244 956 314 publica

127 335 147 382 ⁴8
155 341 225 380 cura.
252 322 310 378 Neo
319 320 388 378 aliud
396 321 513 392 sequenti
523 320 660 392 quatriduo
671 320 752 391 (quod
761 320 872 375 medium
883 321 955 374 inter

156 399 319 470 adoptionem
334 403 361 454 et
373 397 468 454 cedem
483 398 522 452 lui
534 400 554 468 ,)
568 397 665 452 dictum
677 416 692 452 a
704 397 798 452 Pisone
811 398 839 451 in
849 396 954 467 publico

132 475 292 535 electumve.
328 473 505 530 crebrioribus
522 474 551 528 in
569 473 622 529 dies
636 473 791 528 Germanice
803 473 954 528 desectionis

129 579 132 586 ν
156 551 262 616 nuntiis,
286 553 313 605 et
336 550 405 606 facili
425 550 529 606 civitate
553 549 586 604 ed
609 549 754 620 accipienda
777 549 955 619 credendsque

155 627 242 682 omnia
252 643 325 691 nova,
338 644 396 682 oum
408 626 494 682 tristis
508 630 577 690 snut,
587 630 738 680 censuerant
750 629 836 696 patres
849 625 955 680 mitten·
1025 645 1026 666 ¹

135 702 204 760 odos
221 702 254 756 ed
272 702 450 758 Germanicum
464 702 605 756 exercitum
620 702 727 772 legatos.
763 701 899 772 Agitstum
915 719 955 755 se-

157 784 229 836 creto
240 799 302 835 num
314 784 341 836 et
359 781 419 836 Piso
437 781 646 852 proficisceretru‚
659 780 754 850 majore
768 783 904 850 pretextu,
916 779 956 834 illi

158 856 336 912 auctoritatem
350 862 461 922 senatus,
474 857 516 912 hio
532 856 704 928 dignationem
722 856 829 911 Ceseris
844 855 954 911 loturus.

134 933 279 994 ePlacebst
296 936 323 988 et
339 933 466 988 Laconem
482 934 595 1004 pretorii
610 933 759 1004 prefectum
776 931 852 987 simul
866 931 954 987 mitti:

158 1009 181 1064 is
202 1009 306 1066 consilio
326 1010 479 1066 intercessit.
524 1010 616 1080 Legati
635 1027 736 1080 quoque
759 1010 829 1079 (nam
849 1011 956 1063 senatus

157 1085 308 1142 electionem
325 1086 413 1142 Galbe
431 1086 601 1156 permiserat)
614 1086 682 1142 foeds
693 1085 864 1142 inconstantia
875 1085 956 1140 nomi·

157 1163 219 1232 neti,
231 1164 354 1232 excusati,
369 1163 511 1228 substituti,
525 1162 623 1218 ambitu
641 1161 788 1218 remanendi
805 1165 850 1216 eut
868 1161 954 1228 eundi,

114 1243 189 1306 20ut
198 1259 324 1310 quemque
335 1239 473 1294 metus'vel
490 1257 549 1310 spes
563 1239 706 1310 impulerat.
743 1238 863 1294 Proxime
877 1255 957 1308 pocu-

159 1316 208 1370 nie
217 1333 294 1380 cura3
313 1319 445 1370 etcuncta
456 1315 629 1371 scrutantibus
637 1315 808 1387 justissimum
820 1314 902 1370 risum
914 1318 956 1369 est

137 1390 219 1446 2inde
228 1391 311 1460 repeti
322 1391 367 1446 ubi
378 1391 469 1462 inopie
481 1410 557 1447 cause
568 1398 632 1447 erat.
668 1392 715 1448 Bis
727 1395 754 1447 et
772 1391 850 1448 vicies
862 1391 956 1446 millies

160 1467 307 1521 sestertium
320 1466 498 1522 donationibus
510 1468 581 1524 Nero
594 1468 726 1528 effuderat.
762 1467 893 1538 Appelluri
905 1468 956 1522 sin-

160 1544 235 1616 gulos
254 1545 340 1616 jussit,
360 1545 457 1602 decima
475 1551 547 1616 perte
566 1547 726 1602 liberalitatis
742 1546 811 1616 apud
829 1565 957 1617 quemque

137 1618 248 1675 8eorum
268 1621 363 1677 relicte
403 1624 440 1676 At
459 1622 508 1678 illis
532 1623 576 1678 vix
599 1623 703 1679 decime
724 1641 801 1694 super
823 1623 957 1694 portiones
1008 1665 1011 1669 -

160 1700 242 1762 erant,
260 1697 343 1752 isdem
360 1716 421 1770 erga
435 1698 516 1753 aliene
531 1699 677 1770 sumptibus
695 1699 787 1770 quibus
804 1717 851 1754 sus
867 1699 957 1770 prode

160 1777 259 1845 gerent,
273 1793 330 1831 cum
340 1777 502 1846 rapacissimo
514 1777 606 1849 cuique
614 1795 643 1833 sc
655 1777 828 1848 perditissimo
839 1795 892 1832 non
901 1778 958 1848 egri

160 1855 206 1906 ant
230 1851 313 1920 fenus,
332 1851 378 1907 sed
401 1851 455 1908 sols
477 1851 648 1909 instrumenta
670 1854 792 1910 vitiorum
815 1857 956 1908 manerent.

136 1927 295 1984 4Esectioni
312 1927 420 2000 triginta
437 1928 537 2000 equites
558 1930 669 1984 Romeni
693 1930 831 2001 prepositi,
861 1947 957 1984 novum

161 2003 237 2060 officii
254 2022 335 2076 genus
352 2008 379 2060 et
397 2005 496 2060 ambitu
513 2023 543 2060 oc
554 2024 661 2061 numero
673 2024 816 2061 onerosum.
853 2004 958 2076 Ubique

159 2080 234 2138 hoste
246 2085 272 2138 et
284 2085 377 2148 sector,
390 2085 417 2138 et
429 2081 544 2152 inquiete
559 2083 620 2137 urbs
633 2082 784 2138 actionibus.
820 2083 860 2136 Ac
871 2085 956 2136 tamen

159 2159 256 2228 grande
273 2159 403 2231 gaudium,
415 2158 484 2231 quod
500 2162 554 2214 tam
571 2177 696 2230 pauperes
711 2159 797 2214 forent
809 2158 902 2228 quibus
914 2157 958 2212 do·

137 2239 247 2306 possset
260 2235 332 2290 Nero
344 2253 420 2306 quam
433 2234 525 2306 quibus
538 2234 696 2290 abstulisset.
732 2234 901 2291 Exuuotorati
912 2251 958 2304 per

160 2325 205 2363 eos
223 2309 277 2364 dies
293 2311 397 2376 tribuni,
411 2329 425 2366 e
441 2311 561 2380 pretorio
577 2312 706 2367 Antonius
721 2311 821 2366 Taurus
839 2313 866 2365 et
878 2311 957 2365 Anto-

160 2383 219 2438 nius
236 2384 315 2448 Naso,
333 2403 366 2438 ex
380 2385 484 2441 urbanis
499 2385 646 2442 cohortibus
662 2387 781 2442 AEmilius
797 2387 925 2450 Pacensis,
943 2403 957 2442 e

108 2495 110 2504 ι
134 2459 255 2530 prigiliis
271 2459 356 2514 Julius
373 2459 478 2515 Fronto.
514 2460 571 2516 Nec
587 2462 726 2518 remedium
740 2463 768 2518 in
785 2466 884 2518 ceteros
898 2461 956 2527 fuit,

160 2535 207 2592 sed
224 2537 309 2590 metus
327 2535 435 2602 initium,
455 2539 576 2607 tanquam
592 2534 638 2608 per
653 2542 735 2594 artem
752 2542 780 2594 et
797 2537 957 2594 formidinem

159 2611 257 2683 singrdi
268 2611 423 2683 pellerentur
434 2611 551 2667 omuibus
564 2615 698 2681 suspectis.

113 2692 160 2746 21.
195 2689 301 2747 Interes
319 2687 456 2754 Othonem,
475 2687 518 2742 oui
536 2688 684 2756 compesitis
702 2688 779 2744 rebus
798 2687 869 2746 nulla
892 2707 956 2759 spes,
1025 2719 1026 2752 t
