2086 3026
177 116 225 168 202
507 115 628 168 snclui
806 175 965 225 [suum

177 224 261 284 emtis
270 224 395 297 ducum
433 225 585 283 Scribuntur
602 226 636 282 ud
652 224 776 282 'lbereros
790 225 911 296 epistolae,
923 243 968 280 ne·

176 301 245 356 mine
261 299 407 368 Gnllinrum,
420 304 450 356 ut
461 301 619 358 abstinerent
635 303 719 370 emis,
731 301 882 372 impetrubili
893 301 970 356 renis

155 380 205 434 tet
215 377 311 448 puratis
327 376 540 448 deprecatoribus,
556 379 579 434 si
594 378 737 448 poeniteret.
773 377 883 433 Restitit
900 377 969 432 idem
1035 381 1036 384 ’

177 453 337 519 Valentinus,
362 453 541 578 obstruxitffie
567 455 679 510 civitatis
708 471 762 510 sne
789 471 870 519 eures,
900 453 970 508 hnud

178 521 283 592 perinde
296 522 446 578 instruendo
462 523 493 580 be
545 523 667 590 intentus,
680 541 757 594 quem
773 523 893 594 frequens
910 540 969 578 con·
1035 563 1036 576 i

133 594 299 655 sueonibus
345 598 432 668 Igitur
454 616 507 653 non
529 599 639 666 lbcveri,
663 617 746 670 neque
768 599 900 669 Lingones
923 615 970 654 ce·

176 676 270 728 tersere
288 672 420 728 rebellium
443 674 568 740 civitates,
587 692 634 746 pro
657 674 832 746 magnitudine
854 674 970 744 suscepti

177 747 328 802 discriminis
351 766 434 820 egere.
470 751 513 804 Ne
536 751 622 806 Duces
642 751 744 822 qrddem
763 751 791 806 iu
809 769 889 806 unum
910 767 970 806 cou-

177 823 268 878 sulere.
305 824 356 880 Sed
373 825 462 881 Civilis
485 826 542 882 svis
558 827 696 898 Belgemm
720 826 888 882 circumibat:
907 826 970 882 dum

155 898 313 956 schedium
320 899 465 956 Labeonem
474 919 564 972 cepere
572 909 617 958 eut
626 902 761 958 exturbare
768 902 867 958 nititur.
900 901 970 958 Clas·

177 975 254 1040 sicus,
271 994 350 1048 segne
364 976 511 1048 plerumque
525 978 606 1034 otium
622 979 734 1045 trahens,
748 978 819 1034 velut
834 981 910 1048 purte
921 979 970 1034 im·

176 1052 247 1124 perio
270 1053 409 1110 imebetur.
445 1054 487 1110 Ne
505 1055 588 1110 'lutor
608 1055 710 1126 quidem
732 1055 869 1110 maturarit
894 1073 970 1126 supe-

176 1129 269 1186 riorem
293 1129 433 1186 (immunis
457 1130 537 1201 ripam
561 1134 588 1186 et
613 1130 693 1186 ardue
715 1131 820 1202 Alpium
843 1130 970 1201 presidiis
1023 1180 1028 1203 ,

154 1205 300 1262 8olsudere.
335 1207 423 1278 Atque
445 1206 548 1264 interim
571 1207 759 1264 unetvicesima
781 1206 847 1278 legio
869 1206 970 1264 Vindo-

176 1281 253 1348 ninas
279 1282 402 1340 Sextilius
424 1281 497 1338 Felix
519 1301 578 1338 oum
598 1283 736 1340 auxiium
756 1281 904 1340 cohortibus
923 1301 970 1354 per

176 1357 304 1414 Rbaetism
324 1359 445 1430 irrupere
481 1359 597 1418 Acoemit
618 1359 658 1416 ele
682 1359 860 1430 sngunsium,
884 1359 970 1416 excitu
1025 1372 1029 1395 ¹

176 1433 235 1488 olim
246 1450 263 1488 s
274 1433 386 1500 Vitellio,
400 1434 490 1492 deinde
501 1435 529 1492 in
540 1439 625 1506 partes
637 1435 788 1505 Vespasiani
799 1438 968 1506 transgressa.

176 1507 289 1566 Praeerat
302 1509 387 1566 Julius
405 1511 576 1580 Briganticus,
593 1529 679 1568 sorore
697 1511 785 1568 Civilis
806 1511 918 1582 genitus,
938 1515 969 1568 ut

176 1581 255 1638 ferme
267 1584 388 1640 acerrime
398 1586 570 1654 proximorum
582 1587 642 1644 odia
653 1591 721 1653 sunt,
733 1587 830 1644 inrisus
842 1587 969 1644 emnculo

153 1657 347 1729 einfensnsque
384 1660 465 1714 Tutor
486 1663 654 1720 Treverorum
671 1664 765 1734 copies,
782 1664 880 1720 recenti
897 1665 970 1720 Ven-
1035 1703 1036 1718 ,

176 1733 288 1804 gionum,
308 1733 478 1804 Gmuectium,
498 1737 663 1796 Tribocorum
685 1739 786 1796 delectu
809 1743 906 1806 euntes,
924 1758 970 1796 re·

176 1812 266 1866 terem
277 1809 363 1881 pedite
380 1814 457 1882 etque
474 1815 561 1884 equite
576 1815 693 1881 firmavit,
712 1816 839 1888 corruptis
855 1834 909 1887 spe,
922 1820 969 1872 eut

176 1890 249 1944 metu
271 1887 384 1946 subactis
404 1889 563 1962 legionariis:
583 1894 627 1964 qui
648 1893 729 1965 primo
746 1895 883 1960 cohortem,
903 1913 970 1966 pree·
1035 1899 1036 1908 ’

178 1966 280 2022 mnsam
299 1985 315 2022 e
331 1967 437 2024 Sextilio
452 1967 543 2035 Felice,
558 1971 729 2038 interficiunt3
747 1989 807 2028 mox
823 1971 869 2028 ubi
879 1972 969 2028 Duces

176 2044 354 2114 exercitusque
376 2044 509 2100 Romanus
529 2046 739 2117 propinquabunt,
758 2047 866 2104 honesto
885 2051 969 2102 trum·

176 2119 248 2192 fugio
262 2120 376 2176 rediere:
395 2121 490 2176 secutis
507 2120 621 2178 Tribocis
637 2122 862 2195 Vangionibusque
878 2127 907 2180 et
920 2123 969 2178 Os·

154 2197 311 2252 trucetibus.
348 2197 436 2262 Tritm,
458 2197 574 2254 merem
597 2197 785 2264 comitantibus,
809 2199 890 2254 viteto
913 2201 969 2254 Ms-

175 2275 301 2342 gontieco,
322 2274 444 2346 Bingium
461 2274 594 2340 concessit,
613 2273 693 2332 fideus
710 2276 773 2341 loco,
789 2277 849 2346 quie
863 2281 970 2346 pontem

176 2345 257 2402 Nerae
268 2349 380 2404 fluminis
397 2350 540 2420 abmperet,
557 2350 602 2406 sed
618 2349 722 2408 incursu
736 2352 886 2416 cohortium,
905 2371 971 2424 ques

177 2421 299 2476 Sextilius
316 2423 432 2492 ducebat,
448 2431 475 2480 et
493 2429 595 2496 reperto
610 2427 683 2493 rudo,
697 2427 813 2498 proditus
833 2427 970 2500 fususque.

176 2495 216 2548 Eu
226 2495 297 2550 clude
312 2499 424 2564 perculsi
438 2501 550 2565 Treveri,
563 2506 590 2556 et
607 2502 700 2571 plebes,
713 2503 812 2558 omissis
824 2504 909 2568 ermis,
923 2521 971 2575 per

154 2577 251 2636 oegros
266 2569 374 2637 palatur.
411 2572 521 2630 Quidum
541 2575 695 2646 Principum,
711 2581 742 2632 ut
756 2579 833 2648 primi
850 2581 971 2648 posuisse

176 2641 270 2696 bellum
292 2642 446 2710 riderentur,
469 2647 497 2702 iu
520 2649 643 2718 civitates,
666 2671 724 2723 quoe
742 2655 890 2710 sooietstem
914 2656 970 2712 Ro
