<?xml version="1.0" encoding="UTF-8"?>
<!DOCTYPE html PUBLIC "-//W3C//DTD XHTML 1.0 Transitional//EN"
    "http://www.w3.org/TR/xhtml1/DTD/xhtml1-transitional.dtd">
<html xmlns="http://www.w3.org/1999/xhtml" xml:lang="en" lang="en">
 <head>
  <title>
</title>
<meta http-equiv="Content-Type" content="text/html;charset=utf-8" />
  <meta name='ocr-system' content='tesseract 3.04.00' />
  <meta name='ocr-capabilities' content='ocr_page ocr_carea ocr_par ocr_line ocrx_word'/>
</head>
<body>
  <div class='ocr_page' id='page_1' title='image "./opera01tacigoog_0302.png"; bbox 0 0 2104 3022; ppageno 0'>
   <div class='ocr_carea' id='block_1_1' title="bbox 277 127 887 184">
    <p class='ocr_par' dir='ltr' id='par_1_1' title="bbox 277 127 887 184">
     <span class='ocr_line' id='line_1_1' title="bbox 277 127 887 184; baseline -0.016 -2"><span class='ocrx_word' id='word_1_1' title='bbox 277 133 326 184; x_wconf 83' lang='lat' dir='ltr'>DE</span> <span class='ocrx_word' id='word_1_2' title='bbox 344 131 570 183; x_wconf 77' lang='lat' dir='ltr'>ounnomnus</span> <span class='ocrx_word' id='word_1_3' title='bbox 590 130 690 180; x_wconf 74' lang='lat' dir='ltr'>ro-la.</span> <span class='ocrx_word' id='word_1_4' title='bbox 840 127 887 176; x_wconf 75' lang='grc'>295</span> 
     </span>
    </p>
   </div>
   <div class='ocr_carea' id='block_1_2' title="bbox 96 239 885 393">
    <p class='ocr_par' dir='ltr' id='par_1_2' title="bbox 96 239 885 393">
     <span class='ocr_line' id='line_1_2' title="bbox 96 239 885 317; baseline -0.013 -14"><span class='ocrx_word' id='word_1_5' title='bbox 96 245 245 317; x_wconf 75' lang='lat' dir='ltr'>eloquentie</span> <span class='ocrx_word' id='word_1_6' title='bbox 268 264 330 301; x_wconf 88' lang='lat' dir='ltr'>usus</span> <span class='ocrx_word' id='word_1_7' title='bbox 353 261 441 300; x_wconf 81' lang='lat' dir='ltr'>recens</span> <span class='ocrx_word' id='word_1_8' title='bbox 464 247 491 300; x_wconf 89' lang='lat' dir='ltr'>ct</span> <span class='ocrx_word' id='word_1_9' title='bbox 514 262 549 300; x_wconf 88' lang='lat' dir='ltr'>ex</span> <span class='ocrx_word' id='word_1_10' title='bbox 571 241 644 298; x_wconf 81' lang='lat' dir='ltr'>molis</span> <span class='ocrx_word' id='word_1_11' title='bbox 666 239 778 298; x_wconf 81' lang='lat' dir='ltr'>moribus</span> <span class='ocrx_word' id='word_1_12' title='bbox 801 241 885 304; x_wconf 87' lang='lat' dir='ltr'>natus,</span> 
     </span>
     <span class='ocr_line' id='line_1_3' title="bbox 96 315 885 393; baseline -0.013 -16"><span class='ocrx_word' id='word_1_13' title='bbox 96 334 178 393; x_wconf 84' lang='lat' dir='ltr'>atque,</span> <span class='ocrx_word' id='word_1_14' title='bbox 201 325 231 376; x_wconf 93' lang='lat' dir='ltr'>ut</span> <span class='ocrx_word' id='word_1_15' title='bbox 254 325 285 376; x_wconf 90' lang='lat' dir='ltr'>tu</span> <span class='ocrx_word' id='word_1_16' title='bbox 308 321 416 386; x_wconf 88' lang='lat' dir='ltr'>dicebas,</span> <span class='ocrx_word' id='word_1_17' title='bbox 440 321 518 390; x_wconf 84' lang='lat' dir='ltr'>Aper,</span> <span class='ocrx_word' id='word_1_18' title='bbox 539 320 567 374; x_wconf 90' lang='lat' dir='ltr'>in</span> <span class='ocrx_word' id='word_1_19' title='bbox 589 319 672 374; x_wconf 89' lang='lat' dir='ltr'>locum</span> <span class='ocrx_word' id='word_1_20' title='bbox 695 315 741 372; x_wconf 83' lang='lat' dir='ltr'>teli</span> <span class='ocrx_word' id='word_1_21' title='bbox 762 319 885 385; x_wconf 89' lang='lat' dir='ltr'>repertus.</span> 
     </span>
    </p>
   </div>
   <div class='ocr_carea' id='block_1_3' title="bbox 95 393 908 622">
    <p class='ocr_par' dir='ltr' id='par_1_3' title="bbox 95 393 908 622">
     <span class='ocr_line' id='line_1_4' title="bbox 96 393 908 464; baseline -0.012 -12"><span class='ocrx_word' id='word_1_22' title='bbox 96 397 223 453; x_wconf 76' lang='lat' dir='ltr'>(luterum</span> <span class='ocrx_word' id='word_1_23' title='bbox 239 397 301 452; x_wconf 83' lang='lat' dir='ltr'><strong>felix</strong></span> <span class='ocrx_word' id='word_1_24' title='bbox 316 397 378 452; x_wconf 91' lang='lat' dir='ltr'>illud</span> <span class='ocrx_word' id='word_1_25' title='bbox 392 401 427 462; x_wconf 90' lang='lat' dir='ltr'>et,</span> <span class='ocrx_word' id='word_1_26' title='bbox 443 401 474 451; x_wconf 91' lang='lat' dir='ltr'>nt</span> <span class='ocrx_word' id='word_1_27' title='bbox 486 414 555 452; x_wconf 87' lang='lat' dir='ltr'>ruore</span> <span class='ocrx_word' id='word_1_28' title='bbox 571 398 658 450; x_wconf 88' lang='lat' dir='ltr'>nostro</span> <span class='ocrx_word' id='word_1_29' title='bbox 670 393 766 464; x_wconf 78' lang='lat' dir='ltr'>loquer,</span> <span class='ocrx_word' id='word_1_30' title='bbox 782 397 908 445; x_wconf 74' lang='lat' dir='ltr'>aureumss</span> 
     </span>
     <span class='ocr_line' id='line_1_5' title="bbox 95 467 886 542; baseline -0.009 -13"><span class='ocrx_word' id='word_1_31' title='bbox 95 472 208 528; x_wconf 83' lang='lat' dir='ltr'>seculum</span> <span class='ocrx_word' id='word_1_32' title='bbox 217 477 243 528; x_wconf 89' lang='lat' dir='ltr'>et</span> <span class='ocrx_word' id='word_1_33' title='bbox 252 478 381 528; x_wconf 87' lang='lat' dir='ltr'>oratorum</span> <span class='ocrx_word' id='word_1_34' title='bbox 391 477 418 528; x_wconf 82' lang='lat' dir='ltr'>et</span> <span class='ocrx_word' id='word_1_35' title='bbox 427 473 559 528; x_wconf 86' lang='lat' dir='ltr'>criminum</span> <span class='ocrx_word' id='word_1_36' title='bbox 568 472 650 542; x_wconf 86' lang='lat' dir='ltr'>inops,</span> <span class='ocrx_word' id='word_1_37' title='bbox 660 469 742 540; x_wconf 73' lang='lat' dir='ltr'>poetis</span> <span class='ocrx_word' id='word_1_38' title='bbox 751 471 777 522; x_wconf 93' lang='lat' dir='ltr'>et</span> <span class='ocrx_word' id='word_1_39' title='bbox 786 467 886 522; x_wconf 85' lang='lat' dir='ltr'>vatibus</span> 
     </span>
     <span class='ocr_line' id='line_1_6' title="bbox 95 544 888 622; baseline -0.011 -16"><span class='ocrx_word' id='word_1_40' title='bbox 95 549 246 617; x_wconf 80' lang='lat' dir='ltr'>abundabat,</span> <span class='ocrx_word' id='word_1_41' title='bbox 256 552 300 622; x_wconf 91' lang='lat' dir='ltr'>qui</span> <span class='ocrx_word' id='word_1_42' title='bbox 308 551 372 606; x_wconf 90' lang='lat' dir='ltr'>bene</span> <span class='ocrx_word' id='word_1_43' title='bbox 382 551 450 606; x_wconf 83' lang='lat' dir='ltr'>faeta</span> <span class='ocrx_word' id='word_1_44' title='bbox 458 553 585 615; x_wconf 86' lang='lat' dir='ltr'>canerent,</span> <span class='ocrx_word' id='word_1_45' title='bbox 595 566 647 603; x_wconf 91' lang='lat' dir='ltr'>non</span> <span class='ocrx_word' id='word_1_46' title='bbox 655 548 699 618; x_wconf 90' lang='lat' dir='ltr'>qui</span> <span class='ocrx_word' id='word_1_47' title='bbox 707 546 772 604; x_wconf 83' lang='lat' dir='ltr'>male</span> <span class='ocrx_word' id='word_1_48' title='bbox 779 544 888 599; x_wconf 85' lang='lat' dir='ltr'>admissa</span> 
     </span>
    </p>
   </div>
   <div class='ocr_carea' id='block_1_4' title="bbox 14 621 910 698">
    <p class='ocr_par' dir='ltr' id='par_1_4' title="bbox 14 621 910 698">
     <span class='ocr_line' id='line_1_7' title="bbox 14 621 910 698; baseline -0.01 -15"><span class='ocrx_word' id='word_1_49' title='bbox 14 633 17 661; x_wconf 71' lang='lat'><strong>¹</strong></span> <span class='ocrx_word' id='word_1_50' title='bbox 95 625 266 682; x_wconf 80' lang='lat' dir='ltr'><strong>defenderent.</strong></span> <span class='ocrx_word' id='word_1_51' title='bbox 303 628 359 682; x_wconf 92' lang='lat' dir='ltr'>Nec</span> <span class='ocrx_word' id='word_1_52' title='bbox 375 627 492 682; x_wconf 82' lang='lat' dir='ltr'>ullisant</span> <span class='ocrx_word' id='word_1_53' title='bbox 508 627 589 698; x_wconf 83' lang='lat' dir='ltr'>gloria</span> <span class='ocrx_word' id='word_1_54' title='bbox 599 626 678 696; x_wconf 87' lang='lat' dir='ltr'>major</span> <span class='ocrx_word' id='word_1_55' title='bbox 695 627 739 680; x_wconf 89' lang='lat' dir='ltr'>ant</span> <span class='ocrx_word' id='word_1_56' title='bbox 756 621 910 693; x_wconf 74' lang='lat' dir='ltr'>augustiore</span> 
     </span>
    </p>
   </div>
   <div class='ocr_carea' id='block_1_5' title="bbox 95 701 911 1228">
    <p class='ocr_par' dir='ltr' id='par_1_5' title="bbox 95 701 911 1228">
     <span class='ocr_line' id='line_1_8' title="bbox 95 701 889 774; baseline -0.005 -18"><span class='ocrx_word' id='word_1_57' title='bbox 95 701 182 766; x_wconf 89' lang='lat' dir='ltr'>honor,</span> <span class='ocrx_word' id='word_1_58' title='bbox 202 703 310 773; x_wconf 89' lang='lat' dir='ltr'>primunr</span> <span class='ocrx_word' id='word_1_59' title='bbox 331 703 399 773; x_wconf 89' lang='lat' dir='ltr'>apud</span> <span class='ocrx_word' id='word_1_60' title='bbox 422 703 490 768; x_wconf 90' lang='lat' dir='ltr'>deos,</span> <span class='ocrx_word' id='word_1_61' title='bbox 509 721 617 774; x_wconf 89' lang='lat' dir='ltr'>qnorum</span> <span class='ocrx_word' id='word_1_62' title='bbox 634 701 748 770; x_wconf 86' lang='lat' dir='ltr'>proferre</span> <span class='ocrx_word' id='word_1_63' title='bbox 768 716 889 770; x_wconf 88' lang='lat' dir='ltr'>responsa</span> 
     </span>
     <span class='ocr_line' id='line_1_9' title="bbox 96 775 888 849; baseline -0.004 -16"><span class='ocrx_word' id='word_1_64' title='bbox 96 783 122 833; x_wconf 93' lang='lat' dir='ltr'>et</span> <span class='ocrx_word' id='word_1_65' title='bbox 143 778 266 834; x_wconf 76' lang='lat' dir='ltr'>interesse</span> <span class='ocrx_word' id='word_1_66' title='bbox 287 779 368 849; x_wconf 85' lang='lat' dir='ltr'>epulis</span> <span class='ocrx_word' id='word_1_67' title='bbox 389 781 544 846; x_wconf 85' lang='lat' dir='ltr'>ferebantur,</span> <span class='ocrx_word' id='word_1_68' title='bbox 565 777 655 833; x_wconf 88' lang='lat' dir='ltr'>deiude</span> <span class='ocrx_word' id='word_1_69' title='bbox 678 777 746 848; x_wconf 91' lang='lat' dir='ltr'>apud</span> <span class='ocrx_word' id='word_1_70' title='bbox 768 775 824 830; x_wconf 91' lang='lat' dir='ltr'>illos</span> <span class='ocrx_word' id='word_1_71' title='bbox 848 775 888 830; x_wconf 85' lang='lat' dir='ltr'>dis</span> 
     </span>
     <span class='ocr_line' id='line_1_10' title="bbox 95 851 887 926; baseline -0.004 -18"><span class='ocrx_word' id='word_1_72' title='bbox 95 855 195 925; x_wconf 84' lang='lat' dir='ltr'>genitos</span> <span class='ocrx_word' id='word_1_73' title='bbox 214 873 349 925; x_wconf 85' lang='lat' dir='ltr'>sacrosque</span> <span class='ocrx_word' id='word_1_74' title='bbox 369 873 451 926; x_wconf 86' lang='lat' dir='ltr'>reges,</span> <span class='ocrx_word' id='word_1_75' title='bbox 473 856 541 909; x_wconf 87' lang='lat' dir='ltr'>inter</span> <span class='ocrx_word' id='word_1_76' title='bbox 558 873 621 924; x_wconf 90' lang='lat' dir='ltr'>quos</span> <span class='ocrx_word' id='word_1_77' title='bbox 638 854 764 908; x_wconf 88' lang='lat' dir='ltr'>nerninem</span> <span class='ocrx_word' id='word_1_78' title='bbox 782 851 887 908; x_wconf 87' lang='lat' dir='ltr'>causidi-</span> 
     </span>
     <span class='ocr_line' id='line_1_11' title="bbox 95 928 887 1000; baseline -0.004 -15"><span class='ocrx_word' id='word_1_79' title='bbox 95 947 190 994; x_wconf 90' lang='lat' dir='ltr'>corum,</span> <span class='ocrx_word' id='word_1_80' title='bbox 203 930 248 985; x_wconf 88' lang='lat' dir='ltr'>sed</span> <span class='ocrx_word' id='word_1_81' title='bbox 265 931 368 1000; x_wconf 89' lang='lat' dir='ltr'>Orphea</span> <span class='ocrx_word' id='word_1_82' title='bbox 383 948 413 985; x_wconf 88' lang='lat' dir='ltr'>ac</span> <span class='ocrx_word' id='word_1_83' title='bbox 429 931 524 985; x_wconf 86' lang='lat' dir='ltr'><strong>Linum</strong></span> <span class='ocrx_word' id='word_1_84' title='bbox 540 948 576 996; x_wconf 89' lang='lat' dir='ltr'>ac,</span> <span class='ocrx_word' id='word_1_85' title='bbox 593 930 615 984; x_wconf 89' lang='lat' dir='ltr'>si</span> <span class='ocrx_word' id='word_1_86' title='bbox 630 929 795 999; x_wconf 74' lang='lat' dir='ltr'>introspicere</span> <span class='ocrx_word' id='word_1_87' title='bbox 811 928 887 982; x_wconf 82' lang='lat' dir='ltr'>altius</span> 
     </span>
     <span class='ocr_line' id='line_1_12' title="bbox 95 1003 911 1076; baseline -0.006 -14"><span class='ocrx_word' id='word_1_88' title='bbox 95 1007 166 1069; x_wconf 84' lang='lat' dir='ltr'>velis,</span> <span class='ocrx_word' id='word_1_89' title='bbox 177 1005 261 1076; x_wconf 90' lang='lat' dir='ltr'>ipsum</span> <span class='ocrx_word' id='word_1_90' title='bbox 274 1006 416 1076; x_wconf 82' lang='lat' dir='ltr'>Apollinem</span> <span class='ocrx_word' id='word_1_91' title='bbox 428 1006 579 1075; x_wconf 85' lang='lat' dir='ltr'>accepimus.</span> <span class='ocrx_word' id='word_1_92' title='bbox 615 1005 663 1060; x_wconf 88' lang='lat' dir='ltr'>Vel</span> <span class='ocrx_word' id='word_1_93' title='bbox 675 1005 697 1060; x_wconf 91' lang='lat' dir='ltr'>si</span> <span class='ocrx_word' id='word_1_94' title='bbox 709 1006 762 1059; x_wconf 80' lang='lat' dir='ltr'>haec</span> <span class='ocrx_word' id='word_1_95' title='bbox 773 1003 911 1058; x_wconf 77' lang='lat' dir='ltr'>labuosac</span> 
     </span>
     <span class='ocr_line' id='line_1_13' title="bbox 95 1079 886 1151; baseline -0.005 -13"><span class='ocrx_word' id='word_1_96' title='bbox 95 1083 169 1138; x_wconf 85' lang='lat' dir='ltr'>nimis</span> <span class='ocrx_word' id='word_1_97' title='bbox 186 1087 213 1138; x_wconf 94' lang='lat' dir='ltr'>et</span> <span class='ocrx_word' id='word_1_98' title='bbox 230 1082 370 1151; x_wconf 86' lang='lat' dir='ltr'>composita</span> <span class='ocrx_word' id='word_1_99' title='bbox 385 1081 511 1150; x_wconf 84' lang='lat' dir='ltr'>videntur,</span> <span class='ocrx_word' id='word_1_100' title='bbox 523 1081 586 1136; x_wconf 91' lang='lat' dir='ltr'>illud</span> <span class='ocrx_word' id='word_1_101' title='bbox 601 1085 670 1137; x_wconf 89' lang='lat' dir='ltr'>certe</span> <span class='ocrx_word' id='word_1_102' title='bbox 685 1080 747 1134; x_wconf 89' lang='lat' dir='ltr'>milri</span> <span class='ocrx_word' id='word_1_103' title='bbox 762 1079 886 1144; x_wconf 79' lang='lat' dir='ltr'>concedis,</span> 
     </span>
     <span class='ocr_line' id='line_1_14' title="bbox 95 1155 889 1228; baseline -0.004 -16"><span class='ocrx_word' id='word_1_104' title='bbox 95 1159 172 1228; x_wconf 82' lang='lat' dir='ltr'>Aper,</span> <span class='ocrx_word' id='word_1_105' title='bbox 182 1176 235 1212; x_wconf 90' lang='lat' dir='ltr'>non</span> <span class='ocrx_word' id='word_1_106' title='bbox 245 1158 367 1212; x_wconf 90' lang='lat' dir='ltr'>minorem</span> <span class='ocrx_word' id='word_1_107' title='bbox 379 1157 499 1212; x_wconf 87' lang='lat' dir='ltr'>honorem</span> <span class='ocrx_word' id='word_1_108' title='bbox 511 1159 625 1213; x_wconf 88' lang='lat' dir='ltr'>Homero</span> <span class='ocrx_word' id='word_1_109' title='bbox 634 1173 709 1228; x_wconf 88' lang='lat' dir='ltr'>qnam</span> <span class='ocrx_word' id='word_1_110' title='bbox 721 1155 889 1210; x_wconf 85' lang='lat' dir='ltr'>Demostheni</span> 
     </span>
    </p>
   </div>
   <div class='ocr_carea' id='block_1_6' title="bbox 7 1232 889 1304">
    <p class='ocr_par' dir='ltr' id='par_1_6' title="bbox 7 1232 889 1304">
     <span class='ocr_line' id='line_1_15' title="bbox 7 1232 889 1304; baseline -0.003 -16"><span class='ocrx_word' id='word_1_111' title='bbox 7 1236 8 1244; x_wconf 75' lang='grc'>’</span> <span class='ocrx_word' id='word_1_112' title='bbox 95 1234 164 1304; x_wconf 86' lang='lat' dir='ltr'>apud</span> <span class='ocrx_word' id='word_1_113' title='bbox 180 1237 304 1304; x_wconf 89' lang='lat' dir='ltr'>posteros,</span> <span class='ocrx_word' id='word_1_114' title='bbox 322 1251 369 1288; x_wconf 91' lang='lat' dir='ltr'>uec</span> <span class='ocrx_word' id='word_1_115' title='bbox 387 1233 577 1304; x_wconf 78' lang='lat' dir='ltr'>angrntioribus</span> <span class='ocrx_word' id='word_1_116' title='bbox 595 1233 709 1288; x_wconf 87' lang='lat' dir='ltr'>terminis</span> <span class='ocrx_word' id='word_1_117' title='bbox 725 1232 818 1286; x_wconf 85' lang='lat' dir='ltr'>famam</span> <span class='ocrx_word' id='word_1_118' title='bbox 836 1233 889 1286; x_wconf 81' lang='lat' dir='ltr'>llu-</span> 
     </span>
    </p>
   </div>
   <div class='ocr_carea' id='block_1_7' title="bbox 94 1307 930 2752">
    <p class='ocr_par' dir='ltr' id='par_1_7' title="bbox 94 1307 930 2752">
     <span class='ocr_line' id='line_1_16' title="bbox 95 1307 887 1380; baseline -0.004 -16"><span class='ocrx_word' id='word_1_119' title='bbox 95 1309 184 1380; x_wconf 88' lang='lat' dir='ltr'>ripidis</span> <span class='ocrx_word' id='word_1_120' title='bbox 196 1320 241 1364; x_wconf 80' lang='lat' dir='ltr'>aut</span> <span class='ocrx_word' id='word_1_121' title='bbox 254 1309 384 1379; x_wconf 84' lang='lat' dir='ltr'>Sophoclis</span> <span class='ocrx_word' id='word_1_122' title='bbox 397 1328 471 1380; x_wconf 93' lang='lat' dir='ltr'>quam</span> <span class='ocrx_word' id='word_1_123' title='bbox 484 1309 569 1379; x_wconf 74' lang='lat' dir='ltr'>Lysias</span> <span class='ocrx_word' id='word_1_124' title='bbox 581 1314 626 1364; x_wconf 86' lang='lat' dir='ltr'>aut</span> <span class='ocrx_word' id='word_1_125' title='bbox 637 1307 775 1380; x_wconf 71' lang='lat' dir='ltr'>Hyperidis</span> <span class='ocrx_word' id='word_1_126' title='bbox 784 1307 887 1362; x_wconf 88' lang='lat' dir='ltr'>includi.</span> 
     </span>
     <span class='ocr_line' id='line_1_17' title="bbox 94 1383 886 1456; baseline -0.001 -16"><span class='ocrx_word' id='word_1_127' title='bbox 94 1385 187 1442; x_wconf 87' lang='lat' dir='ltr'>Plures</span> <span class='ocrx_word' id='word_1_128' title='bbox 202 1385 278 1440; x_wconf 91' lang='lat' dir='ltr'>hodie</span> <span class='ocrx_word' id='word_1_129' title='bbox 293 1384 411 1455; x_wconf 84' lang='lat' dir='ltr'>reperies,</span> <span class='ocrx_word' id='word_1_130' title='bbox 427 1385 471 1455; x_wconf 92' lang='lat' dir='ltr'>qui</span> <span class='ocrx_word' id='word_1_131' title='bbox 487 1385 616 1440; x_wconf 85' lang='lat' dir='ltr'>Ciceronis</span> <span class='ocrx_word' id='word_1_132' title='bbox 632 1385 736 1456; x_wconf 89' lang='lat' dir='ltr'>gloriam</span> <span class='ocrx_word' id='word_1_133' title='bbox 753 1402 827 1454; x_wconf 86' lang='lat' dir='ltr'>quam</span> <span class='ocrx_word' id='word_1_134' title='bbox 844 1383 886 1453; x_wconf 90' lang='lat' dir='ltr'>qui</span> 
     </span>
     <span class='ocr_line' id='line_1_18' title="bbox 94 1459 889 1533; baseline -0.004 -16"><span class='ocrx_word' id='word_1_135' title='bbox 94 1461 198 1533; x_wconf 81' lang='lat' dir='ltr'>Virgilii</span> <span class='ocrx_word' id='word_1_136' title='bbox 214 1461 356 1516; x_wconf 89' lang='lat' dir='ltr'>detrectent</span> <span class='ocrx_word' id='word_1_137' title='bbox 364 1483 372 1528; x_wconf 90' lang='lat'>;</span> <span class='ocrx_word' id='word_1_138' title='bbox 391 1479 440 1516; x_wconf 88' lang='lat' dir='ltr'>neo</span> <span class='ocrx_word' id='word_1_139' title='bbox 455 1461 521 1516; x_wconf 88' lang='lat' dir='ltr'>nllus</span> <span class='ocrx_word' id='word_1_140' title='bbox 537 1462 620 1517; x_wconf 82' lang='lat' dir='ltr'>Asinii</span> <span class='ocrx_word' id='word_1_141' title='bbox 632 1465 676 1517; x_wconf 90' lang='lat' dir='ltr'>aut</span> <span class='ocrx_word' id='word_1_142' title='bbox 692 1459 810 1516; x_wconf 83' lang='lat' dir='ltr'>Messalae</span> <span class='ocrx_word' id='word_1_143' title='bbox 824 1459 889 1515; x_wconf 89' lang='lat' dir='ltr'>liber</span> 
     </span>
     <span class='ocr_line' id='line_1_19' title="bbox 95 1537 887 1608; baseline -0.001 -15"><span class='ocrx_word' id='word_1_144' title='bbox 95 1540 149 1594; x_wconf 79' lang='lat' dir='ltr'>tam</span> <span class='ocrx_word' id='word_1_145' title='bbox 161 1538 267 1593; x_wconf 85' lang='lat' dir='ltr'>illustris</span> <span class='ocrx_word' id='word_1_146' title='bbox 276 1542 324 1602; x_wconf 90' lang='lat' dir='ltr'>est,</span> <span class='ocrx_word' id='word_1_147' title='bbox 333 1555 408 1608; x_wconf 87' lang='lat' dir='ltr'>qnam</span> <span class='ocrx_word' id='word_1_148' title='bbox 423 1538 516 1592; x_wconf 81' lang='lat' dir='ltr'>Medea</span> <span class='ocrx_word' id='word_1_149' title='bbox 524 1539 610 1594; x_wconf 88' lang='lat' dir='ltr'>Ovidii</span> <span class='ocrx_word' id='word_1_150' title='bbox 622 1543 667 1594; x_wconf 88' lang='lat' dir='ltr'>aut</span> <span class='ocrx_word' id='word_1_151' title='bbox 676 1537 748 1592; x_wconf 87' lang='lat' dir='ltr'>Varii</span> <span class='ocrx_word' id='word_1_152' title='bbox 757 1537 887 1608; x_wconf 73' lang='lat' dir='ltr'>Thyestes.</span> 
     </span>
     <span class='ocr_line' id='line_1_20' title="bbox 131 1609 930 1685; baseline -0.003 -16"><span class='ocrx_word' id='word_1_153' title='bbox 131 1615 194 1669; x_wconf 83' lang='lat' dir='ltr'>“Ao</span> <span class='ocrx_word' id='word_1_154' title='bbox 209 1633 242 1669; x_wconf 89' lang='lat' dir='ltr'>ne</span> <span class='ocrx_word' id='word_1_155' title='bbox 259 1614 387 1669; x_wconf 85' lang='lat' dir='ltr'>fortunam</span> <span class='ocrx_word' id='word_1_156' title='bbox 406 1615 507 1685; x_wconf 90' lang='lat' dir='ltr'>quidem</span> <span class='ocrx_word' id='word_1_157' title='bbox 524 1620 613 1671; x_wconf 87' lang='lat' dir='ltr'>vatum</span> <span class='ocrx_word' id='word_1_158' title='bbox 629 1620 655 1672; x_wconf 91' lang='lat' dir='ltr'>et</span> <span class='ocrx_word' id='word_1_159' title='bbox 670 1614 733 1670; x_wconf 91' lang='lat' dir='ltr'>illud</span> <span class='ocrx_word' id='word_1_160' title='bbox 753 1614 814 1669; x_wconf 82' lang='lat' dir='ltr'>ielix</span> <span class='ocrx_word' id='word_1_161' title='bbox 831 1631 888 1669; x_wconf 91' lang='lat' dir='ltr'>con·</span> <span class='ocrx_word' id='word_1_162' title='bbox 897 1609 930 1668; x_wconf 82' lang='lat'>13</span> 
     </span>
     <span class='ocr_line' id='line_1_21' title="bbox 94 1689 888 1764; baseline 0.005 -19"><span class='ocrx_word' id='word_1_163' title='bbox 94 1689 242 1746; x_wconf 88' lang='lat' dir='ltr'>tubernium</span> <span class='ocrx_word' id='word_1_164' title='bbox 259 1709 404 1762; x_wconf 88' lang='lat' dir='ltr'>comparare</span> <span class='ocrx_word' id='word_1_165' title='bbox 420 1691 548 1748; x_wconf 88' lang='lat' dir='ltr'>timuerim</span> <span class='ocrx_word' id='word_1_166' title='bbox 565 1710 623 1748; x_wconf 88' lang='lat' dir='ltr'>cum</span> <span class='ocrx_word' id='word_1_167' title='bbox 639 1692 752 1764; x_wconf 87' lang='lat' dir='ltr'>inquieta</span> <span class='ocrx_word' id='word_1_168' title='bbox 769 1695 795 1746; x_wconf 90' lang='lat' dir='ltr'>et</span> <span class='ocrx_word' id='word_1_169' title='bbox 813 1690 888 1749; x_wconf 68' lang='lat' dir='ltr'>anxis</span> 
     </span>
     <span class='ocr_line' id='line_1_22' title="bbox 95 1765 888 1839; baseline -0.001 -18"><span class='ocrx_word' id='word_1_170' title='bbox 95 1770 224 1822; x_wconf 86' lang='lat' dir='ltr'>oratorum</span> <span class='ocrx_word' id='word_1_171' title='bbox 236 1767 297 1822; x_wconf 82' lang='lat' dir='ltr'>vita</span> <span class='ocrx_word' id='word_1_172' title='bbox 334 1767 408 1822; x_wconf 84' lang='lat' dir='ltr'>Licet</span> <span class='ocrx_word' id='word_1_173' title='bbox 420 1767 476 1822; x_wconf 89' lang='lat' dir='ltr'>illos</span> <span class='ocrx_word' id='word_1_174' title='bbox 488 1769 627 1824; x_wconf 85' lang='lat' dir='ltr'>certamina</span> <span class='ocrx_word' id='word_1_175' title='bbox 637 1773 663 1825; x_wconf 86' lang='lat' dir='ltr'>et</span> <span class='ocrx_word' id='word_1_176' title='bbox 675 1767 786 1839; x_wconf 84' lang='lat' dir='ltr'>pericula</span> <span class='ocrx_word' id='word_1_177' title='bbox 797 1785 844 1821; x_wconf 86' lang='lat' dir='ltr'>sna</span> <span class='ocrx_word' id='word_1_178' title='bbox 855 1765 888 1820; x_wconf 85' lang='lat' dir='ltr'>ed</span> 
     </span>
     <span class='ocr_line' id='line_1_23' title="bbox 95 1841 887 1914; baseline -0.003 -16"><span class='ocrx_word' id='word_1_179' title='bbox 95 1843 243 1898; x_wconf 83' lang='lat' dir='ltr'>consulatus</span> <span class='ocrx_word' id='word_1_180' title='bbox 255 1843 393 1910; x_wconf 83' lang='lat' dir='ltr'>evexerint,</span> <span class='ocrx_word' id='word_1_181' title='bbox 406 1843 471 1898; x_wconf 86' lang='lat' dir='ltr'>malo</span> <span class='ocrx_word' id='word_1_182' title='bbox 487 1862 605 1900; x_wconf 89' lang='lat' dir='ltr'>securum</span> <span class='ocrx_word' id='word_1_183' title='bbox 617 1848 643 1900; x_wconf 88' lang='lat' dir='ltr'>et</span> <span class='ocrx_word' id='word_1_184' title='bbox 660 1844 773 1914; x_wconf 87' lang='lat' dir='ltr'>quietum</span> <span class='ocrx_word' id='word_1_185' title='bbox 784 1841 887 1912; x_wconf 81' lang='lat' dir='ltr'>Virgilii</span> 
     </span>
     <span class='ocr_line' id='line_1_24' title="bbox 95 1919 886 1990; baseline -0.004 -17"><span class='ocrx_word' id='word_1_186' title='bbox 95 1936 230 1983; x_wconf 86' lang='lat' dir='ltr'>secessum,</span> <span class='ocrx_word' id='word_1_187' title='bbox 243 1919 271 1972; x_wconf 92' lang='lat' dir='ltr'>in</span> <span class='ocrx_word' id='word_1_188' title='bbox 287 1936 337 1990; x_wconf 92' lang='lat' dir='ltr'>quo</span> <span class='ocrx_word' id='word_1_189' title='bbox 353 1923 441 1974; x_wconf 88' lang='lat' dir='ltr'>tamen</span> <span class='ocrx_word' id='word_1_190' title='bbox 456 1937 538 1990; x_wconf 88' lang='lat' dir='ltr'>neque</span> <span class='ocrx_word' id='word_1_191' title='bbox 554 1919 622 1989; x_wconf 88' lang='lat' dir='ltr'>apud</span> <span class='ocrx_word' id='word_1_192' title='bbox 638 1919 724 1973; x_wconf 87' lang='lat' dir='ltr'>divum</span> <span class='ocrx_word' id='word_1_193' title='bbox 740 1919 886 1988; x_wconf 80' lang='lat' dir='ltr'>Augustum</span> 
     </span>
     <span class='ocr_line' id='line_1_25' title="bbox 95 1992 885 2066; baseline -0.003 -18"><span class='ocrx_word' id='word_1_194' title='bbox 95 1995 179 2066; x_wconf 84' lang='lat' dir='ltr'>gratia</span> <span class='ocrx_word' id='word_1_195' title='bbox 195 1993 285 2062; x_wconf 88' lang='lat' dir='ltr'>caruit,</span> <span class='ocrx_word' id='word_1_196' title='bbox 303 2012 387 2064; x_wconf 91' lang='lat' dir='ltr'>neque</span> <span class='ocrx_word' id='word_1_197' title='bbox 405 1993 472 2064; x_wconf 88' lang='lat' dir='ltr'>apud</span> <span class='ocrx_word' id='word_1_198' title='bbox 489 1994 609 2064; x_wconf 88' lang='lat' dir='ltr'>populum</span> <span class='ocrx_word' id='word_1_199' title='bbox 628 1995 770 2048; x_wconf 89' lang='lat' dir='ltr'>Romanum</span> <span class='ocrx_word' id='word_1_200' title='bbox 787 1992 885 2046; x_wconf 85' lang='lat' dir='ltr'>notitia</span> 
     </span>
     <span class='ocr_line' id='line_1_26' title="bbox 95 2068 911 2142; baseline -0.002 -18"><span class='ocrx_word' id='word_1_201' title='bbox 95 2070 184 2126; x_wconf 81' lang='lat' dir='ltr'>Testes</span> <span class='ocrx_word' id='word_1_202' title='bbox 205 2071 318 2142; x_wconf 80' lang='lat' dir='ltr'>Augusti</span> <span class='ocrx_word' id='word_1_203' title='bbox 336 2069 458 2140; x_wconf 71' lang='lat' dir='ltr'>epistolae,</span> <span class='ocrx_word' id='word_1_204' title='bbox 478 2071 552 2124; x_wconf 90' lang='lat' dir='ltr'>testis</span> <span class='ocrx_word' id='word_1_205' title='bbox 569 2070 624 2142; x_wconf 91' lang='lat' dir='ltr'>ipse</span> <span class='ocrx_word' id='word_1_206' title='bbox 641 2069 757 2140; x_wconf 88' lang='lat' dir='ltr'>populus,</span> <span class='ocrx_word' id='word_1_207' title='bbox 775 2068 825 2139; x_wconf 89' lang='lat' dir='ltr'>qui,</span> <span class='ocrx_word' id='word_1_208' title='bbox 845 2075 911 2122; x_wconf 69' lang='lat' dir='ltr'>aut</span> 
     </span>
     <span class='ocr_line' id='line_1_27' title="bbox 95 2145 888 2218; baseline -0.004 -17"><span class='ocrx_word' id='word_1_209' title='bbox 95 2145 156 2201; x_wconf 89' lang='lat' dir='ltr'>ditis</span> <span class='ocrx_word' id='word_1_210' title='bbox 170 2147 197 2201; x_wconf 91' lang='lat' dir='ltr'>in</span> <span class='ocrx_word' id='word_1_211' title='bbox 212 2147 314 2202; x_wconf 89' lang='lat' dir='ltr'>theatro</span> <span class='ocrx_word' id='word_1_212' title='bbox 331 2145 436 2218; x_wconf 74' lang='lat' dir='ltr'>Virgilii</span> <span class='ocrx_word' id='word_1_213' title='bbox 450 2146 572 2212; x_wconf 85' lang='lat' dir='ltr'>versibus,</span> <span class='ocrx_word' id='word_1_214' title='bbox 586 2145 697 2202; x_wconf 86' lang='lat' dir='ltr'>surrexit</span> <span class='ocrx_word' id='word_1_215' title='bbox 712 2145 844 2200; x_wconf 88' lang='lat' dir='ltr'>universus</span> <span class='ocrx_word' id='word_1_216' title='bbox 861 2148 888 2199; x_wconf 89' lang='lat' dir='ltr'>et</span> 
     </span>
     <span class='ocr_line' id='line_1_28' title="bbox 95 2222 887 2295; baseline -0.001 -18"><span class='ocrx_word' id='word_1_217' title='bbox 95 2222 162 2278; x_wconf 78' lang='lat' dir='ltr'>forte</span> <span class='ocrx_word' id='word_1_218' title='bbox 174 2227 325 2293; x_wconf 75' lang='lat' dir='ltr'>presentem</span> <span class='ocrx_word' id='word_1_219' title='bbox 337 2225 545 2293; x_wconf 77' lang='lat' dir='ltr'>spectantemque</span> <span class='ocrx_word' id='word_1_220' title='bbox 557 2223 693 2295; x_wconf 84' lang='lat' dir='ltr'>Virgilium</span> <span class='ocrx_word' id='word_1_221' title='bbox 702 2224 835 2277; x_wconf 88' lang='lat' dir='ltr'>veneratus</span> <span class='ocrx_word' id='word_1_222' title='bbox 847 2226 887 2276; x_wconf 89' lang='lat' dir='ltr'>est</span> 
     </span>
     <span class='ocr_line' id='line_1_29' title="bbox 95 2295 912 2446; baseline -0.004 -16"><span class='ocrx_word' id='word_1_223' title='bbox 95 2299 228 2430; x_wconf 65' lang='lat' dir='ltr'>lilii</span> <span class='ocrx_word' id='word_1_224' title='bbox 244 2300 401 2445; x_wconf 52' lang='lat' dir='ltr'>ilidii</span> <span class='ocrx_word' id='word_1_225' title='bbox 419 2299 483 2429; x_wconf 67' lang='lat' dir='ltr'>all</span> <span class='ocrx_word' id='word_1_226' title='bbox 497 2295 912 2446; x_wconf 55' lang='lat' dir='ltr'>llltlllrllt‘lt‘</span> 
     </span>
     <span class='ocr_line' id='line_1_30' title="bbox 95 2451 889 2522; baseline -0.003 -16"><span class='ocrx_word' id='word_1_227' title='bbox 95 2451 136 2506; x_wconf 85' lang='lat' dir='ltr'>vel</span> <span class='ocrx_word' id='word_1_228' title='bbox 154 2453 327 2521; x_wconf 80' lang='lat' dir='ltr'>perpetuitate</span> <span class='ocrx_word' id='word_1_229' title='bbox 344 2451 418 2506; x_wconf 85' lang='lat' dir='ltr'>femae</span> <span class='ocrx_word' id='word_1_230' title='bbox 436 2453 547 2507; x_wconf 87' lang='lat' dir='ltr'>cesserit.</span> <span class='ocrx_word' id='word_1_231' title='bbox 584 2452 651 2507; x_wconf 89' lang='lat' dir='ltr'>Nam</span> <span class='ocrx_word' id='word_1_232' title='bbox 672 2452 778 2522; x_wconf 88' lang='lat' dir='ltr'>Crispus</span> <span class='ocrx_word' id='word_1_233' title='bbox 795 2451 844 2505; x_wconf 91' lang='lat' dir='ltr'>iste</span> <span class='ocrx_word' id='word_1_234' title='bbox 862 2454 889 2506; x_wconf 91' lang='lat' dir='ltr'>et</span> 
     </span>
     <span class='ocr_line' id='line_1_31' title="bbox 95 2526 889 2599; baseline 0 -18"><span class='ocrx_word' id='word_1_235' title='bbox 95 2526 242 2596; x_wconf 88' lang='lat' dir='ltr'>Marcellus,</span> <span class='ocrx_word' id='word_1_236' title='bbox 259 2528 291 2582; x_wconf 85' lang='lat' dir='ltr'>ad</span> <span class='ocrx_word' id='word_1_237' title='bbox 309 2546 417 2599; x_wconf 89' lang='lat' dir='ltr'>quorum</span> <span class='ocrx_word' id='word_1_238' title='bbox 433 2528 548 2598; x_wconf 83' lang='lat' dir='ltr'>exempla</span> <span class='ocrx_word' id='word_1_239' title='bbox 564 2547 605 2583; x_wconf 88' lang='lat' dir='ltr'>me</span> <span class='ocrx_word' id='word_1_240' title='bbox 621 2547 704 2594; x_wconf 87' lang='lat' dir='ltr'>vocas,</span> <span class='ocrx_word' id='word_1_241' title='bbox 720 2527 780 2599; x_wconf 90' lang='lat' dir='ltr'>quid</span> <span class='ocrx_word' id='word_1_242' title='bbox 794 2527 889 2582; x_wconf 90' lang='lat' dir='ltr'>habeut</span> 
     </span>
     <span class='ocr_line' id='line_1_32' title="bbox 96 2603 912 2674; baseline -0.004 -16"><span class='ocrx_word' id='word_1_243' title='bbox 96 2603 125 2658; x_wconf 92' lang='lat' dir='ltr'>in</span> <span class='ocrx_word' id='word_1_244' title='bbox 135 2603 183 2658; x_wconf 88' lang='lat' dir='ltr'>hac</span> <span class='ocrx_word' id='word_1_245' title='bbox 199 2622 247 2658; x_wconf 88' lang='lat' dir='ltr'>sua</span> <span class='ocrx_word' id='word_1_246' title='bbox 262 2604 367 2660; x_wconf 84' lang='lat' dir='ltr'>fortuna</span> <span class='ocrx_word' id='word_1_247' title='bbox 382 2604 631 2674; x_wconf 75' lang='lat' dir='ltr'>concupiscendum?</span> <span class='ocrx_word' id='word_1_248' title='bbox 650 2605 728 2664; x_wconf 79' lang='lat' dir='ltr'>Quod</span> <span class='ocrx_word' id='word_1_249' title='bbox 742 2605 841 2667; x_wconf 89' lang='lat' dir='ltr'>timent,</span> <span class='ocrx_word' id='word_1_250' title='bbox 857 2610 912 2656; x_wconf 74' lang='lat' dir='ltr'>aul</span> 
     </span>
     <span class='ocr_line' id='line_1_33' title="bbox 97 2679 881 2752; baseline -0.004 -18"><span class='ocrx_word' id='word_1_251' title='bbox 97 2679 167 2752; x_wconf 92' lang='lat' dir='ltr'>quod</span> <span class='ocrx_word' id='word_1_252' title='bbox 182 2679 329 2737; x_wconf 73' lang='lat' dir='ltr'>timentur?</span> <span class='ocrx_word' id='word_1_253' title='bbox 348 2679 433 2746; x_wconf 75' lang='lat' dir='ltr'>Quod,</span> <span class='ocrx_word' id='word_1_254' title='bbox 450 2697 509 2734; x_wconf 88' lang='lat' dir='ltr'>oum</span> <span class='ocrx_word' id='word_1_255' title='bbox 524 2679 638 2751; x_wconf 87' lang='lat' dir='ltr'>quotidie</span> <span class='ocrx_word' id='word_1_256' title='bbox 653 2680 749 2752; x_wconf 86' lang='lat' dir='ltr'>aliquid</span> <span class='ocrx_word' id='word_1_257' title='bbox 759 2681 881 2750; x_wconf 85' lang='lat' dir='ltr'>rogentur</span> 
     </span>
    </p>
   </div>
   <div class='ocr_carea' id='block_1_8' title="bbox 0 0 1056 3022">
    <p class='ocr_par' dir='ltr' id='par_1_8' title="bbox 0 0 1056 3022">
     <span class='ocr_line' id='line_1_34' title="bbox 0 0 1056 3022; baseline 0 0"><span class='ocrx_word' id='word_1_258' title='bbox 0 0 1056 3022; x_wconf 95' lang='lat' dir='ltr'> </span> 
     </span>
    </p>
   </div>
  </div>
 </body>
</html>
