2096 3038
151 118 206 164 -128
492 115 613 166 rael'rl
1001 130 1002 138 ¹

791 177 827 226 [Δ.
835 176 865 223 U·
875 177 899 218 0.
911 178 957 220 822.
1002 172 1004 250 l

105 231 151 286 ,38
192 226 264 284 Note
287 243 334 298 per
360 242 404 282 eos
427 225 482 282 dies
505 227 578 287 lunii
600 225 678 282 Blaesi
707 243 775 282 mors
805 230 832 281 et
856 227 960 284 famosa
1002 254 1005 288 l

135 303 225 370 2.brit;
250 303 282 358 de
305 320 356 374 qne
378 303 416 358 sio
438 303 588 374 accepimus.
625 302 704 358 Gravi
728 302 841 372 corporis
863 304 958 360 morbo
1004 296 1007 378 l

151 399 225 452 ‚teger
241 379 371 445 Vitellius,
388 379 532 436 Servilianis
553 380 643 444 bortis,
661 378 753 436 turrim
773 378 858 437 vicino
877 379 959 436 sitam
1007 378 1009 456 l

158 459 282 515 collucere
306 476 353 526 per
379 461 481 512 noctem
507 456 602 512 crebris
629 456 767 512 luminibus
796 456 959 512 animadver-
1008 459 1011 530 l

158 535 200 588 tit.
238 532 383 588 Sciscitanti
403 551 513 599 causam,
532 533 599 604 apud
617 533 743 588 bennam
762 533 875 587 Tuscum
892 551 959 604 epu·

159 609 208 664 leri
227 608 329 672 multos,
349 609 504 680 precipuum
522 609 618 664 bonore
634 609 741 664 Junium
759 609 871 664 Blesum
888 627 959 664 nun·

138 685 249 744 otiatur.
286 685 386 739 caetera
404 685 432 740 in
451 688 541 754 majus,
562 685 594 740 de
618 690 742 756 apparatu
755 689 790 740 -et
814 683 907 740 solutis
929 686 959 742 in

160 759 288 815 lasciviam
312 760 410 815 animis.
458 761 515 816 Nec
539 761 643 816 deluere
667 761 711 833 qui
733 763 818 832 ipsum
841 761 959 817 Tuscum

161 841 188 893 et
211 836 281 902 alios,
303 835 348 891 scd
371 836 531 892 criminosius
555 837 675 903 Blaesum,
700 837 852 902 incusarent,
878 838 958 908 quod,

138 930 231 984 4segro
259 912 380 984 principe,
404 912 477 967 letos
505 912 560 968 dies
588 918 685 984 ageret.
733 913 786 968 Ubi
811 918 961 984 asperatum

161 988 303 1054 Vitellium,
334 995 361 1044 et
390 1005 465 1059 posse
492 989 604 1043 Blaesum
633 990 754 1058 perverti,
779 989 841 1045 setis
871 990 961 1059 patuit

161 1067 193 1122 iis
214 1066 258 1137 qui
282 1065 424 1136 principum
447 1065 557 1120 offensas
578 1065 671 1120 aeriter
694 1065 866 1136 speculantur,
891 1065 961 1122 date

162 1145 194 1202 Is.
218 1143 324 1200 Vitellio
352 1141 485 1198 delationis
508 1146 602 1213 partes.
652 1142 711 1209 Ille,
734 1143 850 1198 infensus
873 1141 962 1199 Blseso

163 1221 322 1277 emulatione
345 1237 430 1290 prava,
456 1218 525 1290 quod
548 1237 614 1285 eum,
637 1220 707 1276 omni
730 1219 853 1274 dedecore
873 1237 963 1275 macn-

163 1298 254 1364 losum,
271 1296 374 1368 egregia
396 1295 465 1350 fama
487 1295 607 1361 anteibat,
627 1295 772 1351 cubiculum
795 1293 959 1365 imperatoris

164 1377 268 1437 reserat,
289 1372 369 1426 filium
392 1371 448 1442 ejus
469 1371 527 1426 sinu
548 1371 694 1443 complexus
716 1375 743 1427 et
768 1371 876 1442 genibus
896 1372 963 1428 soci·

144 1447 235 1507 5dens.
272 1443 382 1501 Causam
404 1447 559 1502 confusionis
584 1448 715 1519 querenti,
734 1465 787 1502 non
808 1465 836 1502 se
856 1449 963 1518 proprio

167 1526 239 1580 metu
253 1540 300 1577 nec
312 1525 352 1576 sui
364 1523 474 1588 anxium,
488 1523 534 1578 sed
549 1543 596 1594 pro
608 1524 695 1590 fratre,
708 1542 755 1596 pro
771 1524 857 1578 liberis
873 1523 963 1579 fratris

168 1617 256 1671 preces
278 1598 443 1669 lacrimasque
467 1600 592 1656 attulisse.
641 1601 751 1656 Frustra
773 1600 962 1670 Vespasianum

168 1675 260 1740 timeri,
282 1693 356 1745 quem
380 1677 421 1728 tot
445 1674 601 1732 Germanice
621 1677 740 1748 legiones,
760 1680 802 1732 tot
825 1676 964 1746 provincio

168 1752 265 1807 virtute
292 1768 322 1805 ae
344 1749 401 1815 fide,
426 1753 528 1806 tanturm
551 1753 660 1823 denique
683 1757 808 1808 terrarum
833 1771 862 1808 ac
886 1753 964 1807 maris

148 1827 298 1888 simnrensis
318 1826 406 1897 spatiis
425 1832 517 1884 arceat.
562 1829 596 1884 In
614 1829 678 1884 urbe
699 1847 728 1884 eo
749 1828 807 1883 sinu
822 1827 965 1884 cavendum

169 1909 278 1974 hostem,
302 1907 393 1962 Junios
417 1909 593 1981 Antoniosque
617 1928 677 1966 aros
699 1911 847 1982 jactantem,
868 1910 912 1981 qui
936 1929 966 1966 se

159 1987 250 2058 ‚stirpe
278 1984 446 2056 imperatoria
471 2003 568 2041 comem
597 2004 628 2042 ac
653 1987 814 2058 magnificum
840 1986 966 2041 militibus

170 2066 291 2118 ostentet.
326 2061 422 2116 Versae
438 2060 499 2116 illuc
510 2062 622 2117 omnium
641 2070 747 2129 mentes,
760 2062 822 2117 dum
833 2061 965 2127 Vitellius,

171 2140 308 2195 amicorum
337 2138 546 2209 inimicorumque
575 2139 721 2211 neglegens,
744 2139 814 2194 fovet
843 2136 964 2192 aemulum

150 2216 292 2286 sprincipis
309 2213 409 2268 labores
430 2232 445 2268 e
463 2214 578 2269 convivio
597 2220 811 2286 prospectantem.
845 2209 963 2267 Redden-

174 2290 232 2344 dsm
255 2307 302 2359 pro
326 2289 504 2358 intempestiva
526 2290 616 2346 letitia
644 2296 759 2346 maestam
783 2295 809 2346 et
830 2285 965 2342 funebrem

174 2369 283 2431 noctem,
296 2382 346 2433 qua
357 2365 421 2417 sciat
439 2368 466 2418 et
484 2367 578 2420 sentiet
595 2367 680 2422 virere
696 2367 825 2422 Vitellium
842 2369 868 2420 et
884 2363 967 2434 impe·

131 2455 238 2508 aptare,
252 2443 286 2504 et,
299 2439 321 2492 si
334 2438 395 2507 quid
406 2439 460 2491 fsto
473 2441 578 2506 accidat,
591 2443 670 2496 filium
682 2443 782 2496 babere.
819 2439 970 2512 Trepidanti

175 2516 243 2570 inter
260 2513 342 2567 scelus
354 2518 508 2582 metumque,
521 2535 554 2570 ne
572 2517 650 2572 dilata
661 2519 738 2571 Blaesi
755 2535 824 2572 mors
840 2522 971 2571 maturam

163 2589 320 2659 perniciem,
332 2585 415 2656 pelam
424 2587 497 2656 jussa
508 2594 619 2645 atrocem
631 2592 751 2646 invidiam
768 2591 857 2659 ferret,
873 2592 972 2662 placuit

154 2672 273 2721 sveneno
284 2661 402 2734 grassari.
439 2661 545 2719 Addidit
556 2665 662 2722 facinori
677 2665 753 2721 iidem
770 2665 851 2721 nobili
861 2667 973 2739 gaudio,
