2086 3026
165 145 214 194 m
493 143 618 192 ‘ruem

805 202 959 252 [anessa.

160 252 284 310 dedeoore
298 251 462 318 saturabant,
475 255 599 326 tanquam
611 252 679 324 jassi
695 252 777 318 silere,
794 269 827 308 ne
845 253 960 324 quietem

160 333 218 401 ejus
238 329 387 396 tumbarent3
405 329 451 390 ita,
474 329 621 386 intermisso
644 329 718 400 signo
741 335 768 384 et
791 329 905 396 roeibus,
930 346 959 383 se

160 425 262 478 quoqne
278 407 306 462 in
322 424 438 462 somnum
452 405 543 476 lapsos.
580 405 667 460 Multa
677 405 735 460 lnoe
751 405 847 461 revecti
861 405 961 469 hostes,

162 483 270 554 oaptivis
287 481 404 546 navibus,
423 481 569 551 pretoriam
590 483 719 537 triremem
736 481 841 536 flumine
857 481 961 552 anpia

115 559 256 618 aaronem
271 557 375 613 Veledae
390 562 499 614 traxere.
537 559 641 614 Civilem
658 557 750 629 onpido
765 558 871 614 incessit
886 563 961 612 nera·

162 637 213 692 lem
222 635 301 690 aeiem
309 634 464 690 ostentandi.
500 635 617 706 Complet
626 635 695 706 quod
703 635 845 702 biremium,
854 652 962 706 quaeque

163 711 272 781 simplici
283 709 371 766 ordine
381 710 530 782 agebantur.
566 711 675 783 Adjeeta
686 712 777 782 ingens
786 711 902 766 lintrium
913 711 962 776 vis,

163 787 275 842 trieenos
288 785 516 858 quadragenosque
529 788 608 858 (ferre
622 791 649 842 et
657 788 681 856 P)
699 791 857 842 armamenta
868 787 965 842 Libur-

163 863 229 918 niois
244 862 335 929 solita3
354 867 381 918 et
398 863 475 918 simul
490 868 572 934 neptae
589 864 679 918 lintres
697 864 792 935 regulis
805 863 965 918 versiaolori-

142 939 213 996 2bus
225 939 295 994 haud
305 938 423 996 indeoore
435 958 481 1010 pro
490 941 552 995 velis
561 940 726 1010 juvabantur.
763 939 881 1010 Spatium
893 939 965 994 velut

165 1015 274 1088 equoris
287 1015 405 1081 electum,
419 1034 470 1086 qno
479 1017 561 1072 Mose
572 1016 684 1072 fluminis
693 1033 721 1071 os
734 1033 833 1070 amnem
843 1015 966 1069 Rhenum

166 1095 269 1150 Ooearm
281 1093 397 1148 affundit.
434 1093 519 1148 Causa
533 1093 691 1148 instruende
707 1093 801 1157 elassis,
815 1111 894 1162 super
905 1092 966 1146 insi·

166 1173 222 1226 tam
238 1170 311 1242 genti
328 1169 475 1238 vanitatem,
493 1174 523 1224 ut
542 1187 573 1225 eo
591 1173 689 1225 terrore
707 1171 864 1224 oommeatue
883 1167 967 1222 Gallia

143 1247 335 1304 andrentantes
355 1246 575 1316 interciperentur.
612 1245 718 1302 Cerialis
741 1244 863 1300 miraoulo
883 1244 966 1314 magis

167 1342 245 1394 qnam
261 1325 333 1378 metu
350 1322 444 1378 ureris
461 1322 575 1388 elnonem,
594 1340 700 1378 numero
718 1321 847 1392 imparem,
859 1339 911 1375 usu
928 1338 966 1374 re·

168 1400 274 1470 migurn,
296 1399 497 1470 gubernatorum
517 1403 579 1464 arte,
599 1398 702 1454 navium
720 1396 896 1468 magnitudine
921 1414 967 1467 po·
1035 1393 1036 1432 l

167 1475 270 1530 tiorem.
306 1475 358 1528 His
375 1475 471 1530 flumen
491 1474 645 1541 seeundum
663 1474 702 1529 illi
717 1479 795 1530 vento
815 1473 967 1544 agebantur.

169 1550 213 1604 Sie
224 1550 352 1618 praeventi,
365 1552 466 1605 tentato
481 1551 576 1606 levium
587 1551 697 1606 telorum
710 1553 790 1621 jactu,
804 1549 968 1604 dirimuntur.

146 1624 259 1680 servilis
270 1624 335 1678 nihil
345 1625 415 1680 ultra
426 1643 504 1680 ausus
515 1629 587 1682 trans
599 1627 719 1681 Rhenum
727 1625 860 1682 ooneessit.
897 1625 970 1679 Oari-

170 1701 217 1756 alis
229 1699 338 1755 insulam
354 1700 511 1756 Batavorum
526 1702 655 1757 hostiliter
670 1702 815 1773 populatus,
828 1718 904 1772 egros
922 1699 970 1755 vil-

168 1777 259 1847 lasque
277 1775 365 1832 Civilis
383 1777 493 1832 intactas
514 1781 577 1833 nota
593 1782 649 1834 arte
668 1777 761 1834 dueum
782 1777 890 1842 sinebat,
910 1795 971 1832 enm

170 1855 274 1911 interim
297 1854 367 1910 flexu
390 1856 521 1910 auotnmni
548 1859 576 1910 et
599 1856 695 1912 enebris
720 1874 765 1927 per
788 1855 971 1926 equinoctium
1035 1859 1036 1870 ¹

167 1931 296 1989 imbribus
313 1931 464 2002 superfusus
483 1932 564 1986 amnis
581 1931 722 2002 palustrem
742 1931 916 2001 humilemque
932 1931 972 1985 in-

171 2008 253 2064 sulam
265 2007 293 2062 in
304 2007 395 2064 faeiem
409 2009 495 2079 stagni
506 2007 627 2078 opplevit.
664 2009 722 2064 Neo
737 2007 826 2064 elassis
838 2011 885 2061 ant
901 2024 973 2062 eom·

172 2088 272 2140 meatus
294 2083 408 2149 aderant,
430 2087 564 2154 nostraque
587 2084 617 2139 in
637 2084 713 2155 plano
737 2083 787 2139 sita
808 2083 835 2138 vi
857 2082 973 2137 fluminis

127 2163 166 2216 24
174 2160 362 2216 differebantur.
397 2160 518 2216 Potuisse
529 2163 593 2216 tuna
604 2162 713 2232 opprimi
726 2160 846 2232 legiones,
860 2163 888 2214 et
899 2158 973 2214 voln-

173 2238 224 2292 isse
241 2238 389 2304 Germanos,
407 2236 454 2292 sed
470 2236 528 2292 dolo
545 2254 561 2291 a
578 2255 606 2292 se
620 2239 700 2294 flexos
718 2235 854 2308 imputavit
873 2235 972 2291 Civilis.

174 2312 268 2380 Neque
279 2312 399 2368 abhorret
410 2331 478 2378 vero,
492 2311 592 2383 quando
604 2315 691 2384 paneis
703 2317 762 2385 post
773 2312 863 2368 diebus
875 2311 974 2367 deditio

151 2383 291 2442 ainseouta
306 2390 355 2440 est.
391 2388 460 2442 Nam
477 2389 591 2454 Cerialis,
608 2407 654 2460 per
669 2389 782 2446 ooeultos
798 2389 904 2444 nuntios
923 2389 975 2444 Ba-

175 2457 242 2510 tavis
258 2474 354 2524 paoem,
368 2461 445 2516 Civili
461 2464 561 2519 veniam
577 2467 717 2531 ostentans,
731 2465 854 2522 Veledam
870 2465 977 2536 propin-

175 2545 291 2598 quosque
304 2534 423 2588 monebat
435 2537 564 2594 fortunam
576 2538 642 2606 belli,
655 2544 697 2596 tot
708 2540 821 2596 oladibus
833 2540 978 2607 advenam,

177 2607 323 2671 ⁰PP⁰Pi¹²110
347 2625 409 2677 erga
430 2613 550 2680 populum
579 2615 722 2672 Romam
747 2619 839 2674 merito
864 2621 979 2673 mutare.

155 2677 263 2734 alienos
280 2677 412 2749 Treveros,
429 2691 544 2756 raesptos
569 2688 656 2762 Ubios,
673 2696 788 2766 ereptam
805 2693 915 2749 Batavis
933 2711 982 2765 ΡΙ·
