2096 3038
179 117 225 166 140
523 113 643 161 Tacrrr

810 175 848 223 [Δ.
859 175 894 215 U.
905 176 931 215 0.
943 178 992 217 822

131 224 169 280 59
211 225 251 281 Ut
266 227 390 279 terrorem
407 220 490 277 Italia
504 241 621 293 possessa
635 223 755 278 Mevania
768 239 798 278 ac
814 223 894 278 velut
912 245 994 280 rena-
1031 269 1032 279 ,

175 305 231 358 tum
244 319 278 356 ex
289 299 390 370 integro
399 297 496 352 bellum
511 300 640 368 intulerat,
652 300 690 354 ita
705 298 773 354 haud
789 299 907 355 dubium
924 321 992 374 erga

175 378 308 434 Flavianas
320 378 406 444 partes
418 374 532 430 studium
543 380 597 430 tam
613 375 720 447 pavidus
732 375 833 430 Vitellii
845 377 991 434 discessus

154 453 281 512 taddidit.
317 452 426 506 Erectus
439 451 538 506 Samnis
551 452 724 524 Pelignusque
736 455 763 507 et
774 453 860 507 Marsi
872 456 990 510 aemula
1031 483 1032 538 q

176 531 254 596 tione,
267 527 335 600 quod
347 527 486 598 Campania
496 529 670 598 prevenisset
682 533 713 584 ut
724 529 753 583 in
763 543 830 583 noro
843 529 988 602 obsequio,

155 607 210 662 tad
226 610 319 662 cuncta
338 603 398 660 belli
418 604 505 658 munia
522 623 592 660 acres
610 609 691 660 erant.
728 604 778 660 Sed
799 603 870 659 freda
895 606 988 661 hieme
1031 668 1032 678 χ

177 701 224 754 per
238 681 375 737 transitum
394 680 522 750 Apennini
539 681 700 736 conflictatus
717 681 868 746 exercitus;
888 686 923 737 et
942 685 987 737 vix
1025 672 1032 708 '¹

177 760 263 830 quicto
293 757 393 829 agndae
423 756 494 812 nives
527 757 698 813 eluctantibus
728 757 813 827 patuit
847 763 985 829 quantum
1024 716 1032 807 l

177 832 328 889 discriminis
345 832 488 888 adeundum
500 833 574 898 foret,
587 834 615 888 ni
630 833 764 888 Vitellium
779 835 851 888 retro
868 833 985 890 fortuna
1031 874 1032 879 =

177 911 303 974 vertisset,
317 928 373 980 que
389 909 515 964 Flavianis
527 909 634 965 ducibus
650 928 702 964 non
713 909 798 964 minus
815 927 884 980 saepe
900 930 983 982 quam

155 987 242 1042 trotio
258 986 337 1040 affuit.
374 985 486 1041 Obvium
502 987 554 1042 illio
571 987 693 1042 Petilium
709 985 831 1041 Cerialem
852 985 982 1055 habuere,
1022 998 1031 1021 ¹¹

177 1064 273 1136 agresti
301 1062 374 1118 cultu
401 1065 427 1117 et
455 1063 548 1118 notitia
576 1063 689 1118 locorum
715 1061 845 1118 custodias
872 1062 981 1119 Vitellii
1031 1120 1032 1131 ἦ

177 1140 297 1211 elapsum.
334 1139 481 1210 Propinqua
498 1139 605 1194 affinitas
622 1139 715 1194 (latiali
730 1157 790 1193 aum
801 1137 977 1209 Vespasiano,
1021 1134 1032 1217 ',

177 1234 225 1272 nec
240 1219 295 1287 ipse
312 1215 434 1286 inglorius
452 1215 564 1282 militiae3
583 1233 663 1287 eoque
680 1216 749 1270 inter
763 1214 841 1270 duces
858 1233 978 1288 assump-

155 1297 220 1349 ttus
232 1297 279 1348 est.
317 1292 405 1347 Flavio
423 1309 523 1363 quoque
542 1292 635 1348 Sabino
651 1310 680 1347 ac
696 1291 843 1347 Domitiano
857 1293 976 1362 patuisse

177 1369 299 1440 effugium
314 1368 389 1422 multi
406 1367 551 1435 tradidere;
574 1374 601 1424 et
617 1369 688 1424 missi
706 1369 737 1424 ab
755 1367 869 1422 Antonio
887 1371 975 1425 nuntii
1031 1354 1032 1389 l

177 1445 319 1516 pervarias
337 1443 440 1499 fallendi
458 1451 525 1500 artes
543 1447 717 1518 penetrabant,
735 1445 820 1500 locum
837 1461 867 1499 ac
884 1447 974 1515 praesi-
1031 1428 1032 1475 l

154 1521 246 1580 edium
267 1524 446 1576 monstrantes.
483 1522 591 1578 Sabinus
614 1521 751 1579 inhabilem
774 1520 854 1576 labori
875 1524 902 1576 et
927 1541 973 1577 au·
1029 1510 1032 1568 l

162 1598 254 1655 dacia
268 1597 439 1654 valetudinem
459 1598 626 1654 causabatur:
645 1597 793 1654 Domitiano
811 1596 900 1651 aderat
917 1600 973 1654 ani·

176 1693 248 1743 urus;
279 1673 325 1731 aad
347 1672 466 1729 custodes
491 1692 506 1728 a
529 1675 634 1730 Vitellio
658 1675 748 1740 additi,
773 1691 918 1745 quanquam
943 1694 971 1731 so

176 1753 258 1808 socios
281 1752 350 1823 fuge
373 1749 560 1821 promitterent,
579 1755 701 1822 tanquam
724 1750 874 1806 insidiantes
898 1750 970 1807 time

176 1827 278 1884 bantur.
314 1829 401 1897 Atque
417 1826 471 1896 ipse
487 1827 616 1894 Vitellius,
629 1831 748 1898 respectu
764 1845 868 1882 suarum
883 1844 970 1885 neces·

161 1924 163 1932 ¹
177 1903 324 1972 situdinum,
335 1901 399 1958 nihil
410 1902 438 1956 in
448 1903 625 1958 Domitianum
638 1908 712 1959 atrox
724 1903 837 1972 parabat.

131 1988 171 2048 60
211 1981 297 2036 Duces
318 1979 437 2050 partium,
458 1981 488 2033 ut
508 1978 627 2035 Carsulas
647 1999 747 2046 venere,
766 1997 861 2049 paucos
882 1979 914 2034 ad
930 1997 969 2035 re-

177 2058 261 2130 quiem
280 2056 334 2112 dies
356 2059 468 2120 sumunt,
491 2055 571 2112 donea
588 2057 678 2128 aquila
697 2057 818 2128 signaque
838 2055 968 2126 legionum

176 2137 379 2207 assequerentur,
402 2136 429 2188 et
450 2133 520 2188 loeus
541 2133 596 2204 ipse
616 2137 758 2189 castrorum
776 2131 898 2204 placebat,
917 2132 968 2188 late

176 2214 349 2280 prospectans,
362 2212 421 2264 tuto
433 2208 562 2280 copiarum
579 2214 694 2281 aggestu,
707 2208 889 2265 florentissimis
904 2227 968 2278 ponc

154 2289 277 2356 ttergum
301 2285 452 2357 municipiis.
489 2285 570 2340 Simul
594 2286 718 2358 colloquia
741 2303 799 2341 cum
828 2283 966 2340 Vitellianis

177 2359 261 2416 decem
274 2361 381 2414 millium
393 2361 477 2430 spatio
490 2361 644 2417 distantibus
653 2367 679 2418 et
693 2361 803 2433 proditio
812 2361 965 2432 sperabatur.

176 2437 257 2507 AEgre
274 2435 302 2490 id
319 2437 373 2504 pati
390 2437 469 2502 miles,
488 2441 515 2490 et
533 2439 664 2492 materiam
682 2439 757 2492 malle
778 2455 854 2507 quam
871 2455 964 2506 pacem.

177 2512 220 2566 Ne
232 2527 291 2563 suas
304 2509 405 2577 quidem
413 2511 525 2578 legiones
537 2513 740 2580 opperiebantur,
749 2516 779 2567 ut
792 2513 882 2582 predae
894 2530 966 2581 quam

156 2584 347 2657 apericulorum
367 2583 455 2635 socias.
492 2584 604 2638 Vocatus
625 2587 658 2640 ad
679 2588 824 2642 concionem
842 2589 965 2644 Antonius

178 2659 266 2714 docuit
283 2674 339 2711 esse
356 2655 439 2710 adhuc
454 2656 559 2710 Vitellio
576 2660 649 2724 vires,
664 2663 803 2732 ambiguas,
815 2662 838 2718 si
849 2662 965 2718 delibera·
1031 2664 1032 2679 ¹
