2096 3038
61 349 77 384 Δ
93 347 111 385 D
128 346 168 394 69]
241 283 493 332 HISTORIARUM
512 284 547 332 ΙΙ.
566 285 669 334 50-55.
823 287 852 332 81

60 395 152 464 roagnis
173 393 311 448 inimicitiis
329 394 486 450 claresceret.
523 395 702 450 Moderatioae
721 393 855 448 meliorum

1 525 2 532 ,
53 471 181 540 dirempti.
222 471 258 524 Et
278 470 376 525 rediere
394 487 481 526 omnes
501 471 650 536 Bononiam,
667 488 755 525 narsus
776 470 877 525 consi-2

61 554 162 619 liaturi3
181 553 256 606 simul
273 553 356 607 medio
366 553 497 624 ¹temporis
515 554 599 624 plures
616 554 701 608 nuntii
723 553 854 624 speraban-

60 635 110 685 tur.
148 629 276 692 Bononia,
300 629 387 684 divisis
406 648 452 701 per
476 631 568 685 itinera
587 630 632 700 qui
652 629 877 684 recentissimumt

54 724 182 778 quemque
195 709 428 776 percunctarentur,
441 706 614 778 interrogatus
626 707 736 761 Othonis
748 706 854 761 libertus

52 801 158 838 causam
171 781 308 852 digressis,
322 782 414 836 habere
431 801 459 837 se
476 801 594 854 suprema
610 783 665 854 ejus
682 781 801 837 mandata
816 801 855 838 re-

53 858 176 930 'spondit;
195 859 277 929 ipsum
290 858 415 912 viventem
429 858 530 929 quidem
542 859 666 924 relictum,
677 858 722 913 sed
734 859 786 912 sola
799 877 855 928 pos.

62 935 171 990 tentatis
195 952 256 989 cura
280 939 306 988 et
330 933 445 1004 abruptis
469 935 529 990 vitae
552 934 739 990 blandimentis.
785 935 877 993 Hinca

60 1011 190 1067 admiratio
206 1013 233 1064 et
251 1009 325 1079 plura
341 1009 514 1080 interrogandi
530 1009 627 1081 pudor3
648 1015 723 1080 atque
742 1011 855 1065 omnium

60 1087 135 1142 animi
147 1086 175 1141 in
183 1085 316 1140 Vitellium
328 1085 487 1140 inclinavere.
512 1085 641 1140 Intererat
653 1085 763 1140 consiliis
776 1086 855 1142 lrater
863 1087 900 1140 54

52 1181 114 1235 ejus
129 1162 162 1217 L.
174 1161 302 1226 Vitellius,
317 1179 394 1232 seque
408 1161 461 1232 jam
476 1160 638 1216 adulantibus
656 1161 785 1226 offerebat,
797 1179 855 1218 curn

51 1243 164 1310 *repente
182 1237 283 1303 Coenus,
297 1237 404 1292 libertus
425 1237 543 1302 Neronis,
557 1237 637 1292 atroci
653 1237 782 1291 mendacio
800 1239 855 1293 uni·

58 1333 146 1371 versos
158 1313 275 1384 perculit,
288 1313 413 1367 affirmans
425 1317 580 1384 superventu
592 1316 688 1384 quarta
701 1312 804 1367 decimae
821 1313 856 1368 le-

50 1391 151 1464 ·gionis,
162 1389 258 1462 junctis
271 1407 286 1444 a
297 1389 409 1444 Brixello
422 1389 524 1458 viribus,
537 1407 615 1444 caesos
627 1389 745 1453 victores
758 1407 855 1444 versam

51 1467 170 1540 partium
189 1466 324 1521 fortunam.
362 1466 447 1520 Causa
463 1465 575 1537 fingendi
592 1466 649 1531 fuit,
670 1470 700 1520 ut
719 1465 877 1536 diplomata2

59 1544 177 1608 Othonis,
195 1561 252 1614 quae
270 1542 472 1614 negligebantur,
492 1543 589 1598 laetiore
609 1543 700 1598 nuntio
720 1543 854 1598 revalesce-

59 1625 125 1676 rent.
154 1620 190 1675 Et
203 1619 296 1675 Coenus
309 1619 410 1690 quidem
422 1618 508 1690 rapide
520 1619 548 1673 in
559 1619 647 1674 urbem
659 1624 748 1674 vectus
761 1639 854 1690 paucos

58 1701 119 1769 post
134 1697 188 1753 dies
202 1698 277 1769 jussu
288 1697 387 1752 Vitellii
402 1716 487 1768 poenas
500 1697 555 1752 luit.
593 1699 743 1752 Senatorum
756 1699 876 1770 pericu-3

56 1775 111 1830 lum
124 1779 235 1839 auctum,
248 1773 410 1830 credentibus
423 1773 575 1829 Othonianis
589 1774 711 1829 militibus
725 1793 785 1830 vera
799 1794 855 1830 esse

48 1868 116 1922 ·quae
134 1850 312 1905 afferebantur.
349 1849 503 1905 intendebat
522 1849 688 1918 formidinem,
710 1849 778 1921 quod
793 1851 855 1922 puh-

55 1927 100 1982 lici
118 1926 216 1981 consilii
233 1927 298 1980 facie
317 1925 457 1981 discessum
468 1925 580 1990 Mutina,
594 1924 751 1995 desertaeque
769 1933 854 1998 partes

50 2003 153 2056 ¹forent.
190 2001 247 2055 Nec
262 2001 331 2056 ultra
344 2001 371 2055 in
389 2019 521 2056 commuue
539 2002 669 2072 congressi
686 2001 734 2056 sibi
749 2003 878 2073 quisquet

58 2075 219 2139 consuluere,
233 2075 312 2130 donec
329 2076 413 2130 missae
432 2093 448 2128 a
464 2074 543 2129 Fabio
557 2075 666 2130 Valente
684 2077 797 2146 epistolae
812 2078 855 2132 dc·

49 2154 162 2205 'merent
180 2152 285 2203 metum.
320 2149 356 2204 ut
374 2168 442 2204 mors
457 2149 567 2204 Othonis
586 2169 636 2221 quo
651 2151 808 2218 laudabilior,
825 2171 855 2208 eo

56 2225 173 2282 velocius
189 2223 283 2278 audita.

96 2308 133 2361 At
153 2306 243 2362 Roma
258 2305 322 2361 nihil
339 2304 516 2377 trepidationis
529 2328 536 2372 ;
556 2305 666 2362 Ceriales
678 2306 732 2363 ludi
744 2327 776 2364 ex
786 2327 855 2366 more
863 2319 899 2373 55

54 2383 250 2455 spectabantur.
287 2383 326 2439 Ut
336 2382 441 2438 cessisse
451 2382 585 2448 Othonem,
599 2387 626 2438 et
638 2402 654 2438 a
665 2383 751 2440 Flavio
764 2385 877 2450 Sabinae

54 2461 181 2532 praefecto
194 2460 272 2526 urbis,
292 2459 361 2531 quod
378 2463 433 2514 crat
445 2459 473 2514 in
486 2459 549 2515 urbe
566 2459 682 2527 militum,
700 2470 855 2520 sacramento

54 2537 160 2591 Vitellii
172 2537 297 2606 adactum,
311 2537 375 2592 certi
387 2541 504 2591 auctores
517 2537 544 2592 in
555 2537 684 2592 theatrum
703 2539 854 2609 attulerunt,

54 2613 167 2668 Vitellio
180 2614 312 2686 plausere;
332 2612 440 2684 populus
458 2631 515 2668 oum
526 2613 597 2668 lauru
612 2633 641 2670 ac
653 2611 756 2671 ficubus
770 2617 855 2672 Galba

53 2689 185 2760 imagines
209 2691 304 2746 circum
327 2689 423 2760 templa
446 2689 514 2756 tulit,
545 2691 673 2763 congestis
701 2692 729 2747 in
752 2692 855 2746 modurn

53 2765 159 2832 tumuliv
173 2767 272 2822 coronis
283 2765 360 2837 juxta
375 2765 458 2822 lacurn
475 2765 566 2834 Curtii,
584 2786 660 2838 quern
675 2767 758 2823 locum
775 2767 855 2820 Galba

87 2856 247 2892 rac-,roma
444 2857 462 2896 α
