<?xml version="1.0" encoding="UTF-8"?>
<!DOCTYPE html PUBLIC "-//W3C//DTD XHTML 1.0 Transitional//EN"
    "http://www.w3.org/TR/xhtml1/DTD/xhtml1-transitional.dtd">
<html xmlns="http://www.w3.org/1999/xhtml" xml:lang="en" lang="en">
 <head>
  <title>
</title>
<meta http-equiv="Content-Type" content="text/html;charset=utf-8" />
  <meta name='ocr-system' content='tesseract 3.04.00' />
  <meta name='ocr-capabilities' content='ocr_page ocr_carea ocr_par ocr_line ocrx_word'/>
</head>
<body>
  <div class='ocr_page' id='page_1' title='image "./opera01tacigoog_0168.png"; bbox 0 0 2096 3038; ppageno 0'>
   <div class='ocr_carea' id='block_1_1' title="bbox 61 125 848 238">
    <p class='ocr_par' dir='ltr' id='par_1_1' title="bbox 61 125 848 238">
     <span class='ocr_line' id='line_1_1' title="bbox 61 125 848 238; baseline 0.005 -64"><span class='ocrx_word' id='word_1_1' title='bbox 61 191 79 229; x_wconf 64' lang='grc' dir='ltr'><strong>Δ</strong></span> <span class='ocrx_word' id='word_1_2' title='bbox 97 190 115 228; x_wconf 71' lang='lat' dir='ltr'>D</span> <span class='ocrx_word' id='word_1_3' title='bbox 132 189 175 238; x_wconf 58' lang='lat'><strong>69]</strong></span> <span class='ocrx_word' id='word_1_4' title='bbox 255 127 508 178; x_wconf 80' lang='lat' dir='ltr'><strong>HISTORIARUM</strong></span> <span class='ocrx_word' id='word_1_5' title='bbox 527 125 571 174; x_wconf 87' lang='lat' dir='ltr'><strong>IV.</strong></span> <span class='ocrx_word' id='word_1_6' title='bbox 589 128 658 175; x_wconf 79' lang='lat'>5-8.</span> <span class='ocrx_word' id='word_1_7' title='bbox 807 130 848 178; x_wconf 77' lang='lat'><strong>161</strong></span> 
     </span>
    </p>
   </div>
   <div class='ocr_carea' id='block_1_2' title="bbox 14 236 893 2595">
    <p class='ocr_par' dir='ltr' id='par_1_2' title="bbox 14 236 893 2595">
     <span class='ocr_line' id='line_1_2' title="bbox 60 236 855 312; baseline 0.004 -18"><span class='ocrx_word' id='word_1_8' title='bbox 60 239 188 294; x_wconf 90' lang='lat' dir='ltr'><strong>orationes</strong></span> <span class='ocrx_word' id='word_1_9' title='bbox 212 240 326 309; x_wconf 88' lang='lat' dir='ltr'><strong>provecti</strong></span> <span class='ocrx_word' id='word_1_10' title='bbox 350 243 418 306; x_wconf 91' lang='lat' dir='ltr'><strong>sunt,</strong></span> <span class='ocrx_word' id='word_1_11' title='bbox 438 242 567 312; x_wconf 73' lang='lat' dir='ltr'><strong>quaerente</strong></span> <span class='ocrx_word' id='word_1_12' title='bbox 585 236 706 293; x_wconf 83' lang='lat' dir='ltr'><strong>Helvidio</strong></span> <span class='ocrx_word' id='word_1_13' title='bbox 731 238 793 310; x_wconf 90' lang='lat' dir='ltr'><strong>quid</strong></span> <span class='ocrx_word' id='word_1_14' title='bbox 816 240 855 298; x_wconf 85' lang='lat' dir='ltr'><strong>ita</strong></span> 
     </span>
     <span class='ocr_line' id='line_1_3' title="bbox 60 314 855 388; baseline 0.003 -18"><span class='ocrx_word' id='word_1_15' title='bbox 60 315 199 370; x_wconf 78' lang='lat' dir='ltr'>Marcellus</span> <span class='ocrx_word' id='word_1_16' title='bbox 208 314 332 386; x_wconf 88' lang='lat' dir='ltr'><strong>judicium</strong></span> <span class='ocrx_word' id='word_1_17' title='bbox 349 317 546 388; x_wconf 76' lang='lat' dir='ltr'><strong>magistratuum</strong></span> <span class='ocrx_word' id='word_1_18' title='bbox 564 316 725 386; x_wconf 85' lang='lat' dir='ltr'><strong>pavesceret:</strong></span> <span class='ocrx_word' id='word_1_19' title='bbox 745 333 802 370; x_wconf 90' lang='lat' dir='ltr'><strong>esse</strong></span> <span class='ocrx_word' id='word_1_20' title='bbox 817 315 855 372; x_wconf 92' lang='lat' dir='ltr'><strong>illi</strong></span> 
     </span>
     <span class='ocr_line' id='line_1_4' title="bbox 60 391 856 466; baseline 0.003 -20"><span class='ocrx_word' id='word_1_21' title='bbox 60 391 193 462; x_wconf 89' lang='lat' dir='ltr'><strong>pecuniam</strong></span> <span class='ocrx_word' id='word_1_22' title='bbox 210 395 237 446; x_wconf 90' lang='lat' dir='ltr'><strong>et</strong></span> <span class='ocrx_word' id='word_1_23' title='bbox 253 391 429 466; x_wconf 77' lang='lat' dir='ltr'><strong>eloquentiam,</strong></span> <span class='ocrx_word' id='word_1_24' title='bbox 443 394 500 466; x_wconf 86' lang='lat' dir='ltr'><strong>quis</strong></span> <span class='ocrx_word' id='word_1_25' title='bbox 517 392 612 447; x_wconf 90' lang='lat' dir='ltr'><strong>multos</strong></span> <span class='ocrx_word' id='word_1_26' title='bbox 630 391 747 457; x_wconf 88' lang='lat' dir='ltr'><strong>anteiret,</strong></span> <span class='ocrx_word' id='word_1_27' title='bbox 760 392 787 448; x_wconf 88' lang='lat' dir='ltr'><strong>ni</strong></span> <span class='ocrx_word' id='word_1_28' title='bbox 803 410 856 448; x_wconf 90' lang='lat' dir='ltr'><strong>mo-</strong></span> 
     </span>
     <span class='ocr_line' id='line_1_5' title="bbox 14 467 874 541; baseline 0.003 -19"><span class='ocrx_word' id='word_1_29' title='bbox 14 483 15 488; x_wconf 51' lang='lat'><em>*</em></span> <span class='ocrx_word' id='word_1_30' title='bbox 60 469 142 523; x_wconf 88' lang='lat' dir='ltr'><strong>moria</strong></span> <span class='ocrx_word' id='word_1_31' title='bbox 168 467 322 538; x_wconf 82' lang='lat' dir='ltr'><strong>flagitiorum</strong></span> <span class='ocrx_word' id='word_1_32' title='bbox 342 474 503 541; x_wconf 73' lang='lat' dir='ltr'><strong>urgueretur.</strong></span> <span class='ocrx_word' id='word_1_33' title='bbox 541 470 615 524; x_wconf 83' lang='lat' dir='ltr'><strong>Sorte</strong></span> <span class='ocrx_word' id='word_1_34' title='bbox 634 470 661 523; x_wconf 83' lang='lat' dir='ltr'><strong>et·</strong></span> <span class='ocrx_word' id='word_1_35' title='bbox 684 486 749 524; x_wconf 89' lang='lat' dir='ltr'><strong>urna</strong></span> <span class='ocrx_word' id='word_1_36' title='bbox 771 480 874 526; x_wconf 75' lang='lat' dir='ltr'><strong>morosa</strong></span> 
     </span>
     <span class='ocr_line' id='line_1_6' title="bbox 14 541 857 617; baseline 0.002 -17"><span class='ocrx_word' id='word_1_37' title='bbox 14 541 15 614; x_wconf 67' lang='lat' dir='ltr'><strong>f</strong></span> <span class='ocrx_word' id='word_1_38' title='bbox 60 561 113 600; x_wconf 91' lang='lat' dir='ltr'><strong>non</strong></span> <span class='ocrx_word' id='word_1_39' title='bbox 130 543 254 600; x_wconf 89' lang='lat' dir='ltr'><strong>discerni:</strong></span> <span class='ocrx_word' id='word_1_40' title='bbox 273 545 394 617; x_wconf 80' lang='lat' dir='ltr'><strong>suffragia</strong></span> <span class='ocrx_word' id='word_1_41' title='bbox 411 550 438 602; x_wconf 90' lang='lat' dir='ltr'><strong>et</strong></span> <span class='ocrx_word' id='word_1_42' title='bbox 456 545 669 602; x_wconf 79' lang='lat' dir='ltr'><strong>existimationem</strong></span> <span class='ocrx_word' id='word_1_43' title='bbox 689 548 795 600; x_wconf 89' lang='lat' dir='ltr'><strong>senatus</strong></span> <span class='ocrx_word' id='word_1_44' title='bbox 816 564 857 602; x_wconf 78' lang='lat' dir='ltr'><strong>re·</strong></span> 
     </span>
     <span class='ocr_line' id='line_1_7' title="bbox 14 621 855 693; baseline 0.002 -17"><span class='ocrx_word' id='word_1_45' title='bbox 14 635 15 640; x_wconf 74' lang='grc'>’</span> <span class='ocrx_word' id='word_1_46' title='bbox 60 624 142 691; x_wconf 81' lang='lat' dir='ltr'><strong>perta,</strong></span> <span class='ocrx_word' id='word_1_47' title='bbox 164 624 194 676; x_wconf 91' lang='lat' dir='ltr'><strong>ut</strong></span> <span class='ocrx_word' id='word_1_48' title='bbox 218 621 246 676; x_wconf 90' lang='lat' dir='ltr'><strong>in</strong></span> <span class='ocrx_word' id='word_1_49' title='bbox 268 621 392 692; x_wconf 89' lang='lat' dir='ltr'><strong>cujusque</strong></span> <span class='ocrx_word' id='word_1_50' title='bbox 415 623 494 678; x_wconf 87' lang='lat' dir='ltr'><strong>vitam</strong></span> <span class='ocrx_word' id='word_1_51' title='bbox 518 623 660 693; x_wconf 76' lang='lat' dir='ltr'><strong>lunamque</strong></span> <span class='ocrx_word' id='word_1_52' title='bbox 683 625 855 692; x_wconf 82' lang='lat' dir='ltr'><strong>penetrarent.</strong></span> 
     </span>
     <span class='ocr_line' id='line_1_8' title="bbox 14 687 857 770; baseline 0.005 -20"><span class='ocrx_word' id='word_1_53' title='bbox 14 687 16 722; x_wconf 72' lang='lat'>³</span> <span class='ocrx_word' id='word_1_54' title='bbox 61 696 194 752; x_wconf 83' lang='lat' dir='ltr'><strong>Pertinere</strong></span> <span class='ocrx_word' id='word_1_55' title='bbox 215 696 247 752; x_wconf 89' lang='lat' dir='ltr'><strong>ad</strong></span> <span class='ocrx_word' id='word_1_56' title='bbox 265 697 403 754; x_wconf 83' lang='lat' dir='ltr'><strong>utilitatem</strong></span> <span class='ocrx_word' id='word_1_57' title='bbox 424 698 577 770; x_wconf 79' lang='lat' dir='ltr'><strong>reipublice,</strong></span> <span class='ocrx_word' id='word_1_58' title='bbox 598 698 726 769; x_wconf 87' lang='lat' dir='ltr'><strong>pertinere</strong></span> <span class='ocrx_word' id='word_1_59' title='bbox 744 697 776 753; x_wconf 90' lang='lat' dir='ltr'><strong>ad</strong></span> <span class='ocrx_word' id='word_1_60' title='bbox 790 699 857 754; x_wconf 86' lang='lat' dir='ltr'><strong>Vos·</strong></span> 
     </span>
     <span class='ocr_line' id='line_1_9' title="bbox 14 772 856 844; baseline 0.005 -18"><span class='ocrx_word' id='word_1_61' title='bbox 14 793 15 800; x_wconf 50' lang='lat'>¹</span> <span class='ocrx_word' id='word_1_62' title='bbox 61 772 159 844; x_wconf 80' lang='lat' dir='ltr'><strong>passiani</strong></span> <span class='ocrx_word' id='word_1_63' title='bbox 182 773 312 839; x_wconf 88' lang='lat' dir='ltr'><strong>honorem,</strong></span> <span class='ocrx_word' id='word_1_64' title='bbox 331 791 464 830; x_wconf 88' lang='lat' dir='ltr'><strong>occurrere</strong></span> <span class='ocrx_word' id='word_1_65' title='bbox 487 774 525 828; x_wconf 93' lang='lat' dir='ltr'><strong>illi</strong></span> <span class='ocrx_word' id='word_1_66' title='bbox 549 791 612 844; x_wconf 86' lang='lat' dir='ltr'><strong>quoa</strong></span> <span class='ocrx_word' id='word_1_67' title='bbox 636 773 856 830; x_wconf 87' lang='lat' dir='ltr'><strong>innocentissimos</strong></span> 
     </span>
     <span class='ocr_line' id='line_1_10' title="bbox 14 843 857 922; baseline 0.004 -18"><span class='ocrx_word' id='word_1_68' title='bbox 14 843 16 876; x_wconf 72' lang='lat'><em>³</em></span> <span class='ocrx_word' id='word_1_69' title='bbox 61 852 166 904; x_wconf 88' lang='lat' dir='ltr'><strong>senatus</strong></span> <span class='ocrx_word' id='word_1_70' title='bbox 182 849 283 915; x_wconf 89' lang='lat' dir='ltr'><strong>habeat,</strong></span> <span class='ocrx_word' id='word_1_71' title='bbox 303 850 347 920; x_wconf 91' lang='lat' dir='ltr'><strong>qui</strong></span> <span class='ocrx_word' id='word_1_72' title='bbox 368 851 482 906; x_wconf 73' lang='lat' dir='ltr'><strong>honestis</strong></span> <span class='ocrx_word' id='word_1_73' title='bbox 503 849 661 905; x_wconf 79' lang='lat' dir='ltr'><strong>sermonibus</strong></span> <span class='ocrx_word' id='word_1_74' title='bbox 682 869 757 906; x_wconf 88' lang='lat' dir='ltr'><strong>aures</strong></span> <span class='ocrx_word' id='word_1_75' title='bbox 777 851 857 922; x_wconf 91' lang='lat' dir='ltr'><strong>impe·</strong></span> 
     </span>
     <span class='ocr_line' id='line_1_11' title="bbox 14 925 882 996; baseline 0.003 -17"><span class='ocrx_word' id='word_1_76' title='bbox 14 945 16 950; x_wconf 60' lang='lat'><strong><em>¹</em></strong></span> <span class='ocrx_word' id='word_1_77' title='bbox 61 925 155 979; x_wconf 79' lang='lat' dir='ltr'><strong>tatoris</strong></span> <span class='ocrx_word' id='word_1_78' title='bbox 179 925 303 979; x_wconf 87' lang='lat' dir='ltr'><strong>imbuant.</strong></span> <span class='ocrx_word' id='word_1_79' title='bbox 339 925 431 980; x_wconf 79' lang='lat' dir='ltr'><strong>Fuisse</strong></span> <span class='ocrx_word' id='word_1_80' title='bbox 455 926 613 996; x_wconf 76' lang='lat' dir='ltr'><strong>Vespasiano</strong></span> <span class='ocrx_word' id='word_1_81' title='bbox 638 925 773 981; x_wconf 89' lang='lat' dir='ltr'><strong>amicitiam</strong></span> <span class='ocrx_word' id='word_1_82' title='bbox 797 937 882 996; x_wconf 69' lang='lat' dir='ltr'><strong>cumja</strong></span> 
     </span>
     <span class='ocr_line' id='line_1_12' title="bbox 14 995 859 1071; baseline 0.006 -18"><span class='ocrx_word' id='word_1_83' title='bbox 14 995 16 1028; x_wconf 77' lang='lat'><em>²</em></span> <span class='ocrx_word' id='word_1_84' title='bbox 63 1001 185 1067; x_wconf 82' lang='lat' dir='ltr'><strong>Thrasea,</strong></span> <span class='ocrx_word' id='word_1_85' title='bbox 197 1001 302 1064; x_wconf 86' lang='lat' dir='ltr'><strong>Sorano,</strong></span> <span class='ocrx_word' id='word_1_86' title='bbox 321 1001 425 1067; x_wconf 83' lang='lat' dir='ltr'><strong>Senti03</strong></span> <span class='ocrx_word' id='word_1_87' title='bbox 444 1019 553 1071; x_wconf 88' lang='lat' dir='ltr'><strong>quornm</strong></span> <span class='ocrx_word' id='word_1_88' title='bbox 573 1005 740 1070; x_wconf 90' lang='lat' dir='ltr'><strong>accusatores,</strong></span> <span class='ocrx_word' id='word_1_89' title='bbox 758 1003 859 1058; x_wconf 87' lang='lat' dir='ltr'><strong>etiamsi</strong></span> 
     </span>
     <span class='ocr_line' id='line_1_13' title="bbox 15 1075 858 1146; baseline 0.008 -19"><span class='ocrx_word' id='word_1_90' title='bbox 15 1097 16 1104; x_wconf 46' lang='lat'>¹</span> <span class='ocrx_word' id='word_1_91' title='bbox 63 1075 150 1146; x_wconf 88' lang='lat' dir='ltr'><strong>puniri</strong></span> <span class='ocrx_word' id='word_1_92' title='bbox 167 1093 219 1128; x_wconf 91' lang='lat' dir='ltr'><strong>non</strong></span> <span class='ocrx_word' id='word_1_93' title='bbox 237 1079 362 1145; x_wconf 88' lang='lat' dir='ltr'><strong>oporteat,</strong></span> <span class='ocrx_word' id='word_1_94' title='bbox 380 1078 505 1132; x_wconf 87' lang='lat' dir='ltr'><strong>ostentari</strong></span> <span class='ocrx_word' id='word_1_95' title='bbox 525 1095 577 1132; x_wconf 91' lang='lat' dir='ltr'><strong>non</strong></span> <span class='ocrx_word' id='word_1_96' title='bbox 600 1076 699 1134; x_wconf 85' lang='lat' dir='ltr'><strong>debere.</strong></span> <span class='ocrx_word' id='word_1_97' title='bbox 736 1078 796 1132; x_wconf 89' lang='lat' dir='ltr'><strong>Hoc</strong></span> <span class='ocrx_word' id='word_1_98' title='bbox 819 1097 858 1134; x_wconf 89' lang='lat' dir='ltr'><strong>se-</strong></span> 
     </span>
     <span class='ocr_line' id='line_1_14' title="bbox 63 1149 857 1224; baseline 0.005 -20"><span class='ocrx_word' id='word_1_99' title='bbox 63 1154 142 1205; x_wconf 90' lang='lat' dir='ltr'><strong>natus</strong></span> <span class='ocrx_word' id='word_1_100' title='bbox 158 1149 255 1222; x_wconf 87' lang='lat' dir='ltr'><strong>judicio</strong></span> <span class='ocrx_word' id='word_1_101' title='bbox 273 1150 344 1206; x_wconf 89' lang='lat' dir='ltr'><strong>velut</strong></span> <span class='ocrx_word' id='word_1_102' title='bbox 364 1151 493 1207; x_wconf 89' lang='lat' dir='ltr'><strong>admoueri</strong></span> <span class='ocrx_word' id='word_1_103' title='bbox 513 1153 652 1224; x_wconf 89' lang='lat' dir='ltr'><strong>principem</strong></span> <span class='ocrx_word' id='word_1_104' title='bbox 673 1170 738 1223; x_wconf 88' lang='lat' dir='ltr'><strong>quos</strong></span> <span class='ocrx_word' id='word_1_105' title='bbox 758 1153 857 1224; x_wconf 86' lang='lat' dir='ltr'><strong>probet,</strong></span> 
     </span>
     <span class='ocr_line' id='line_1_15' title="bbox 65 1225 882 1302; baseline 0.005 -22"><span class='ocrx_word' id='word_1_106' title='bbox 65 1245 130 1297; x_wconf 92' lang='lat' dir='ltr'><strong>quos</strong></span> <span class='ocrx_word' id='word_1_107' title='bbox 148 1225 304 1282; x_wconf 79' lang='lat' dir='ltr'><strong>reformidet.</strong></span> <span class='ocrx_word' id='word_1_108' title='bbox 341 1227 450 1282; x_wconf 90' lang='lat' dir='ltr'><strong>Nullum</strong></span> <span class='ocrx_word' id='word_1_109' title='bbox 467 1229 549 1300; x_wconf 90' lang='lat' dir='ltr'><strong>majus</strong></span> <span class='ocrx_word' id='word_1_110' title='bbox 567 1229 627 1284; x_wconf 90' lang='lat' dir='ltr'><strong>boni</strong></span> <span class='ocrx_word' id='word_1_111' title='bbox 644 1228 744 1300; x_wconf 90' lang='lat' dir='ltr'><strong>imperii</strong></span> <span class='ocrx_word' id='word_1_112' title='bbox 764 1229 882 1302; x_wconf 63' lang='lat' dir='ltr'><strong>instra-q</strong></span> 
     </span>
     <span class='ocr_line' id='line_1_16' title="bbox 14 1302 860 1376; baseline 0.005 -20"><span class='ocrx_word' id='word_1_113' title='bbox 14 1313 15 1332; x_wconf 75' lang='lat'><em>³</em></span> <span class='ocrx_word' id='word_1_114' title='bbox 64 1305 182 1371; x_wconf 87' lang='lat' dir='ltr'><strong>mentum</strong></span> <span class='ocrx_word' id='word_1_115' title='bbox 194 1321 269 1374; x_wconf 90' lang='lat' dir='ltr'><strong>quam</strong></span> <span class='ocrx_word' id='word_1_116' title='bbox 277 1302 357 1358; x_wconf 91' lang='lat' dir='ltr'><strong>honos</strong></span> <span class='ocrx_word' id='word_1_117' title='bbox 369 1304 463 1360; x_wconf 81' lang='lat' dir='ltr'><strong>amima</strong></span> <span class='ocrx_word' id='word_1_118' title='bbox 476 1323 539 1362; x_wconf 87' lang='lat' dir='ltr'><strong>csse.</strong></span> <span class='ocrx_word' id='word_1_119' title='bbox 576 1305 644 1360; x_wconf 87' lang='lat' dir='ltr'><strong>Satis</strong></span> <span class='ocrx_word' id='word_1_120' title='bbox 656 1305 860 1376; x_wconf 79' lang='lat' dir='ltr'><strong>Marcelloquod</strong></span> 
     </span>
     <span class='ocr_line' id='line_1_17' title="bbox 14 1377 860 1453; baseline 0.002 -18"><span class='ocrx_word' id='word_1_121' title='bbox 14 1377 15 1410; x_wconf 67' lang='lat'>³</span> <span class='ocrx_word' id='word_1_122' title='bbox 63 1379 195 1436; x_wconf 88' lang='lat' dir='ltr'><strong>Neronem</strong></span> <span class='ocrx_word' id='word_1_123' title='bbox 212 1379 240 1434; x_wconf 91' lang='lat' dir='ltr'><strong>in</strong></span> <span class='ocrx_word' id='word_1_124' title='bbox 258 1379 365 1436; x_wconf 83' lang='lat' dir='ltr'><strong>exitium</strong></span> <span class='ocrx_word' id='word_1_125' title='bbox 382 1383 423 1435; x_wconf 90' lang='lat' dir='ltr'><strong>tot</strong></span> <span class='ocrx_word' id='word_1_126' title='bbox 438 1381 612 1436; x_wconf 89' lang='lat' dir='ltr'><strong>innocentium</strong></span> <span class='ocrx_word' id='word_1_127' title='bbox 629 1381 773 1453; x_wconf 89' lang='lat' dir='ltr'><strong>impulerit:</strong></span> <span class='ocrx_word' id='word_1_128' title='bbox 792 1383 860 1438; x_wconf 87' lang='lat' dir='ltr'><strong>frue-</strong></span> 
     </span>
     <span class='ocr_line' id='line_1_18' title="bbox 63 1455 858 1530; baseline 0.005 -20"><span class='ocrx_word' id='word_1_129' title='bbox 63 1459 137 1510; x_wconf 86' lang='lat' dir='ltr'><strong>retur</strong></span> <span class='ocrx_word' id='word_1_130' title='bbox 154 1455 264 1528; x_wconf 80' lang='lat' dir='ltr'><strong>praamiis</strong></span> <span class='ocrx_word' id='word_1_131' title='bbox 282 1459 309 1511; x_wconf 92' lang='lat' dir='ltr'><strong>et</strong></span> <span class='ocrx_word' id='word_1_132' title='bbox 326 1456 487 1528; x_wconf 86' lang='lat' dir='ltr'><strong>impunitate,</strong></span> <span class='ocrx_word' id='word_1_133' title='bbox 506 1458 692 1530; x_wconf 82' lang='lat' dir='ltr'><strong>Vespasianum</strong></span> <span class='ocrx_word' id='word_1_134' title='bbox 713 1458 858 1526; x_wconf 78' lang='lat' dir='ltr'><strong>melioribus</strong></span> 
     </span>
     <span class='ocr_line' id='line_1_19' title="bbox 63 1531 883 1610; baseline 0.009 -24"><span class='ocrx_word' id='word_1_135' title='bbox 63 1531 226 1604; x_wconf 88' lang='lat' dir='ltr'><strong>relinqueret.</strong></span> <span class='ocrx_word' id='word_1_136' title='bbox 263 1532 400 1590; x_wconf 80' lang='lat' dir='ltr'><strong>Marcellus</strong></span> <span class='ocrx_word' id='word_1_137' title='bbox 418 1552 470 1590; x_wconf 90' lang='lat' dir='ltr'><strong>non</strong></span> <span class='ocrx_word' id='word_1_138' title='bbox 488 1553 560 1590; x_wconf 91' lang='lat' dir='ltr'><strong>suam</strong></span> <span class='ocrx_word' id='word_1_139' title='bbox 584 1535 737 1592; x_wconf 89' lang='lat' dir='ltr'><strong>sententiam</strong></span> <span class='ocrx_word' id='word_1_140' title='bbox 760 1536 883 1610; x_wconf 85' lang='lat' dir='ltr'><strong>impug-8</strong></span> 
     </span>
     <span class='ocr_line' id='line_1_20' title="bbox 63 1607 860 1682; baseline 0.009 -20"><span class='ocrx_word' id='word_1_141' title='bbox 63 1609 126 1674; x_wconf 91' lang='lat' dir='ltr'><strong>nari,</strong></span> <span class='ocrx_word' id='word_1_142' title='bbox 146 1607 191 1663; x_wconf 91' lang='lat' dir='ltr'><strong>sed</strong></span> <span class='ocrx_word' id='word_1_143' title='bbox 208 1608 338 1664; x_wconf 89' lang='lat' dir='ltr'><strong>consulem</strong></span> <span class='ocrx_word' id='word_1_144' title='bbox 358 1610 520 1682; x_wconf 81' lang='lat' dir='ltr'><strong>designatum</strong></span> <span class='ocrx_word' id='word_1_145' title='bbox 539 1613 668 1668; x_wconf 79' lang='lat' dir='ltr'><strong>censurisse</strong></span> <span class='ocrx_word' id='word_1_146' title='bbox 689 1612 797 1679; x_wconf 85' lang='lat' dir='ltr'><strong>dicebat,</strong></span> <span class='ocrx_word' id='word_1_147' title='bbox 820 1633 860 1669; x_wconf 90' lang='lat' dir='ltr'><strong>sc·</strong></span> 
     </span>
     <span class='ocr_line' id='line_1_21' title="bbox 65 1684 860 1761; baseline 0.006 -22"><span class='ocrx_word' id='word_1_148' title='bbox 65 1684 177 1740; x_wconf 91' lang='lat' dir='ltr'><strong>cundum</strong></span> <span class='ocrx_word' id='word_1_149' title='bbox 194 1688 282 1739; x_wconf 86' lang='lat' dir='ltr'><strong>vetera</strong></span> <span class='ocrx_word' id='word_1_150' title='bbox 299 1686 420 1756; x_wconf 78' lang='lat' dir='ltr'><strong>exempla,</strong></span> <span class='ocrx_word' id='word_1_151' title='bbox 440 1707 496 1759; x_wconf 80' lang='lat' dir='ltr'><strong>quaa</strong></span> <span class='ocrx_word' id='word_1_152' title='bbox 514 1693 609 1744; x_wconf 91' lang='lat' dir='ltr'><strong>sortem</strong></span> <span class='ocrx_word' id='word_1_153' title='bbox 626 1689 796 1761; x_wconf 85' lang='lat' dir='ltr'><strong>legationibus</strong></span> <span class='ocrx_word' id='word_1_154' title='bbox 816 1708 860 1761; x_wconf 90' lang='lat' dir='ltr'><strong>po·</strong></span> 
     </span>
     <span class='ocr_line' id='line_1_22' title="bbox 63 1760 882 1825; baseline 0.006 -7"><span class='ocrx_word' id='word_1_155' title='bbox 63 1761 185 1825; x_wconf 81' lang='lat' dir='ltr'><strong>sarissent,</strong></span> <span class='ocrx_word' id='word_1_156' title='bbox 195 1779 229 1824; x_wconf 81' lang='lat' dir='ltr'><strong>ne</strong></span> <span class='ocrx_word' id='word_1_157' title='bbox 240 1760 372 1817; x_wconf 88' lang='lat' dir='ltr'><strong>ambitioni</strong></span> <span class='ocrx_word' id='word_1_158' title='bbox 384 1767 429 1818; x_wconf 88' lang='lat' dir='ltr'><strong>aut</strong></span> <span class='ocrx_word' id='word_1_159' title='bbox 440 1764 579 1820; x_wconf 90' lang='lat' dir='ltr'><strong>inimicitiis</strong></span> <span class='ocrx_word' id='word_1_160' title='bbox 591 1765 663 1820; x_wconf 91' lang='lat' dir='ltr'><strong>locus</strong></span> <span class='ocrx_word' id='word_1_161' title='bbox 675 1766 750 1820; x_wconf 79' lang='lat' dir='ltr'><strong>foret.</strong></span> <span class='ocrx_word' id='word_1_162' title='bbox 786 1765 882 1823; x_wconf 86' lang='lat' dir='ltr'><strong>Nihils</strong></span> 
     </span>
     <span class='ocr_line' id='line_1_23' title="bbox 66 1837 861 1912; baseline 0.008 -21"><span class='ocrx_word' id='word_1_163' title='bbox 66 1837 180 1891; x_wconf 89' lang='lat' dir='ltr'><strong>evenisse</strong></span> <span class='ocrx_word' id='word_1_164' title='bbox 192 1853 238 1890; x_wconf 87' lang='lat' dir='ltr'><strong>cnr</strong></span> <span class='ocrx_word' id='word_1_165' title='bbox 250 1837 392 1907; x_wconf 89' lang='lat' dir='ltr'><strong>antiquitus</strong></span> <span class='ocrx_word' id='word_1_166' title='bbox 403 1840 524 1894; x_wconf 88' lang='lat' dir='ltr'><strong>instituta</strong></span> <span class='ocrx_word' id='word_1_167' title='bbox 535 1841 715 1906; x_wconf 81' lang='lat' dir='ltr'><strong>exolescerent,</strong></span> <span class='ocrx_word' id='word_1_168' title='bbox 729 1844 774 1896; x_wconf 88' lang='lat' dir='ltr'><strong>aut</strong></span> <span class='ocrx_word' id='word_1_169' title='bbox 792 1843 861 1912; x_wconf 89' lang='lat' dir='ltr'><strong>prin-</strong></span> 
     </span>
     <span class='ocr_line' id='line_1_24' title="bbox 66 1911 861 1986; baseline 0.009 -20"><span class='ocrx_word' id='word_1_170' title='bbox 66 1911 130 1982; x_wconf 91' lang='lat' dir='ltr'><strong>cipis</strong></span> <span class='ocrx_word' id='word_1_171' title='bbox 141 1911 223 1966; x_wconf 90' lang='lat' dir='ltr'><strong>honor</strong></span> <span class='ocrx_word' id='word_1_172' title='bbox 234 1911 262 1964; x_wconf 90' lang='lat' dir='ltr'><strong>in</strong></span> <span class='ocrx_word' id='word_1_173' title='bbox 273 1913 422 1986; x_wconf 88' lang='lat' dir='ltr'><strong>cujusquam</strong></span> <span class='ocrx_word' id='word_1_174' title='bbox 434 1917 612 1971; x_wconf 77' lang='lat' dir='ltr'><strong>contumeliam</strong></span> <span class='ocrx_word' id='word_1_175' title='bbox 621 1921 777 1983; x_wconf 67' lang='lat' dir='ltr'><strong>remoratum</strong></span> <span class='ocrx_word' id='word_1_176' title='bbox 794 1919 861 1973; x_wconf 88' lang='lat' dir='ltr'><strong>suffi-</strong></span> 
     </span>
     <span class='ocr_line' id='line_1_25' title="bbox 67 1986 863 2063; baseline 0.009 -22"><span class='ocrx_word' id='word_1_177' title='bbox 67 2004 125 2042; x_wconf 86' lang='lat' dir='ltr'><strong>cere</strong></span> <span class='ocrx_word' id='word_1_178' title='bbox 137 2004 224 2040; x_wconf 90' lang='lat' dir='ltr'><strong>omnes</strong></span> <span class='ocrx_word' id='word_1_179' title='bbox 232 1986 360 2058; x_wconf 90' lang='lat' dir='ltr'><strong>obsequio.</strong></span> <span class='ocrx_word' id='word_1_180' title='bbox 391 1990 424 2044; x_wconf 91' lang='lat' dir='ltr'><strong>Id</strong></span> <span class='ocrx_word' id='word_1_181' title='bbox 436 1991 517 2062; x_wconf 82' lang='lat' dir='ltr'><strong>magis</strong></span> <span class='ocrx_word' id='word_1_182' title='bbox 529 1991 669 2058; x_wconf 89' lang='lat' dir='ltr'><strong>vitandum,</strong></span> <span class='ocrx_word' id='word_1_183' title='bbox 678 2011 711 2048; x_wconf 90' lang='lat' dir='ltr'><strong>nc</strong></span> <span class='ocrx_word' id='word_1_184' title='bbox 722 1993 863 2063; x_wconf 73' lang='lat' dir='ltr'><strong>pervicacia</strong></span> 
     </span>
     <span class='ocr_line' id='line_1_26' title="bbox 68 2061 893 2144; baseline 0.011 -28"><span class='ocrx_word' id='word_1_185' title='bbox 68 2061 235 2133; x_wconf 87' lang='lat' dir='ltr'><strong>quorumdam</strong></span> <span class='ocrx_word' id='word_1_186' title='bbox 258 2062 403 2119; x_wconf 86' lang='lat' dir='ltr'><strong>irritaretur</strong></span> <span class='ocrx_word' id='word_1_187' title='bbox 426 2067 525 2120; x_wconf 83' lang='lat' dir='ltr'><strong>animm</strong></span> <span class='ocrx_word' id='word_1_188' title='bbox 549 2085 615 2124; x_wconf 89' lang='lat' dir='ltr'><strong>novo</strong></span> <span class='ocrx_word' id='word_1_189' title='bbox 638 2068 785 2139; x_wconf 88' lang='lat' dir='ltr'><strong>principatu</strong></span> <span class='ocrx_word' id='word_1_190' title='bbox 808 2087 893 2144; x_wconf 52' lang='lat' dir='ltr'><strong>sus-g</strong></span> 
     </span>
     <span class='ocr_line' id='line_1_27' title="bbox 67 2138 863 2212; baseline 0.011 -21"><span class='ocrx_word' id='word_1_191' title='bbox 67 2156 170 2210; x_wconf 89' lang='lat' dir='ltr'><strong>pensus,</strong></span> <span class='ocrx_word' id='word_1_192' title='bbox 184 2141 211 2192; x_wconf 90' lang='lat' dir='ltr'><strong>et</strong></span> <span class='ocrx_word' id='word_1_193' title='bbox 222 2138 309 2194; x_wconf 78' lang='lat' dir='ltr'><strong>vultus</strong></span> <span class='ocrx_word' id='word_1_194' title='bbox 322 2158 422 2212; x_wconf 86' lang='lat' dir='ltr'><strong>quoquo</strong></span> <span class='ocrx_word' id='word_1_195' title='bbox 440 2159 470 2196; x_wconf 88' lang='lat' dir='ltr'><strong>ac</strong></span> <span class='ocrx_word' id='word_1_196' title='bbox 487 2160 615 2199; x_wconf 88' lang='lat' dir='ltr'><strong>sermones</strong></span> <span class='ocrx_word' id='word_1_197' title='bbox 630 2144 743 2199; x_wconf 89' lang='lat' dir='ltr'><strong>omnium</strong></span> <span class='ocrx_word' id='word_1_198' title='bbox 758 2145 863 2200; x_wconf 88' lang='lat' dir='ltr'><strong>circum·</strong></span> 
     </span>
     <span class='ocr_line' id='line_1_28' title="bbox 68 2215 884 2291; baseline 0.006 -19"><span class='ocrx_word' id='word_1_199' title='bbox 68 2218 195 2286; x_wconf 89' lang='lat' dir='ltr'><strong>spectans.</strong></span> <span class='ocrx_word' id='word_1_200' title='bbox 233 2215 266 2271; x_wconf 84' lang='lat' dir='ltr'><strong>Se</strong></span> <span class='ocrx_word' id='word_1_201' title='bbox 284 2216 430 2274; x_wconf 88' lang='lat' dir='ltr'><strong>meminisse</strong></span> <span class='ocrx_word' id='word_1_202' title='bbox 447 2221 591 2290; x_wconf 85' lang='lat' dir='ltr'><strong>temporum</strong></span> <span class='ocrx_word' id='word_1_203' title='bbox 609 2220 701 2291; x_wconf 89' lang='lat' dir='ltr'><strong>quibus</strong></span> <span class='ocrx_word' id='word_1_204' title='bbox 723 2225 799 2276; x_wconf 88' lang='lat' dir='ltr'><strong>natus</strong></span> <span class='ocrx_word' id='word_1_205' title='bbox 820 2223 884 2288; x_wconf 74' lang='lat' dir='ltr'><strong>aits</strong></span> 
     </span>
     <span class='ocr_line' id='line_1_29' title="bbox 68 2289 862 2366; baseline 0.011 -22"><span class='ocrx_word' id='word_1_206' title='bbox 68 2309 144 2362; x_wconf 89' lang='lat' dir='ltr'><strong>quam</strong></span> <span class='ocrx_word' id='word_1_207' title='bbox 174 2289 287 2346; x_wconf 86' lang='lat' dir='ltr'><strong>civitatis</strong></span> <span class='ocrx_word' id='word_1_208' title='bbox 316 2291 423 2348; x_wconf 85' lang='lat' dir='ltr'><strong>formam</strong></span> <span class='ocrx_word' id='word_1_209' title='bbox 450 2298 536 2366; x_wconf 90' lang='lat' dir='ltr'><strong>patres</strong></span> <span class='ocrx_word' id='word_1_210' title='bbox 566 2296 657 2366; x_wconf 81' lang='lat' dir='ltr'><strong>avique</strong></span> <span class='ocrx_word' id='word_1_211' title='bbox 685 2297 862 2366; x_wconf 87' lang='lat' dir='ltr'><strong>institueriut;</strong></span> 
     </span>
     <span class='ocr_line' id='line_1_30' title="bbox 68 2366 862 2445; baseline 0.011 -25"><span class='ocrx_word' id='word_1_212' title='bbox 68 2366 191 2423; x_wconf 88' lang='lat' dir='ltr'><strong>ulteriora</strong></span> <span class='ocrx_word' id='word_1_213' title='bbox 211 2367 305 2436; x_wconf 87' lang='lat' dir='ltr'><strong>mirari,</strong></span> <span class='ocrx_word' id='word_1_214' title='bbox 323 2371 460 2440; x_wconf 79' lang='lat' dir='ltr'><strong>presentia</strong></span> <span class='ocrx_word' id='word_1_215' title='bbox 480 2372 568 2442; x_wconf 90' lang='lat' dir='ltr'><strong>sequi;</strong></span> <span class='ocrx_word' id='word_1_216' title='bbox 593 2371 672 2428; x_wconf 89' lang='lat' dir='ltr'><strong>bonos</strong></span> <span class='ocrx_word' id='word_1_217' title='bbox 697 2374 862 2445; x_wconf 89' lang='lat' dir='ltr'><strong>imperatores</strong></span> 
     </span>
     <span class='ocr_line' id='line_1_31' title="bbox 68 2445 885 2521; baseline 0.011 -23"><span class='ocrx_word' id='word_1_218' title='bbox 68 2447 129 2498; x_wconf 88' lang='lat' dir='ltr'><strong>voto</strong></span> <span class='ocrx_word' id='word_1_219' title='bbox 144 2446 270 2514; x_wconf 81' lang='lat' dir='ltr'><strong>expetere,</strong></span> <span class='ocrx_word' id='word_1_220' title='bbox 287 2445 476 2517; x_wconf 79' lang='lat' dir='ltr'><strong>qualescumque</strong></span> <span class='ocrx_word' id='word_1_221' title='bbox 491 2447 607 2504; x_wconf 87' lang='lat' dir='ltr'><strong>tolerare.</strong></span> <span class='ocrx_word' id='word_1_222' title='bbox 644 2450 706 2505; x_wconf 90' lang='lat' dir='ltr'><strong>Non</strong></span> <span class='ocrx_word' id='word_1_223' title='bbox 720 2451 802 2521; x_wconf 84' lang='lat' dir='ltr'><strong>magis</strong></span> <span class='ocrx_word' id='word_1_224' title='bbox 815 2467 885 2514; x_wconf 70' lang='lat' dir='ltr'><strong>suaa</strong></span> 
     </span>
     <span class='ocr_line' id='line_1_32' title="bbox 69 2519 862 2595; baseline 0.013 -22"><span class='ocrx_word' id='word_1_225' title='bbox 69 2519 183 2576; x_wconf 87' lang='lat' dir='ltr'><strong>oratioue</strong></span> <span class='ocrx_word' id='word_1_226' title='bbox 207 2519 344 2576; x_wconf 80' lang='lat' dir='ltr'><strong>Thraseam</strong></span> <span class='ocrx_word' id='word_1_227' title='bbox 368 2541 444 2594; x_wconf 91' lang='lat' dir='ltr'><strong>quam</strong></span> <span class='ocrx_word' id='word_1_228' title='bbox 465 2523 561 2595; x_wconf 88' lang='lat' dir='ltr'><strong>judicio</strong></span> <span class='ocrx_word' id='word_1_229' title='bbox 591 2530 695 2581; x_wconf 89' lang='lat' dir='ltr'><strong>senatus</strong></span> <span class='ocrx_word' id='word_1_230' title='bbox 725 2528 862 2582; x_wconf 88' lang='lat' dir='ltr'><strong>efflictum:</strong></span> 
     </span>
    </p>
   </div>
   <div class='ocr_carea' id='block_1_3' title="bbox 69 2595 864 2731">
    <p class='ocr_par' dir='ltr' id='par_1_3' title="bbox 69 2595 864 2731">
     <span class='ocr_line' id='line_1_33' title="bbox 69 2595 864 2674; baseline 0.01 -24"><span class='ocrx_word' id='word_1_231' title='bbox 69 2595 193 2650; x_wconf 81' lang='lat' dir='ltr'><strong>sevitiam</strong></span> <span class='ocrx_word' id='word_1_232' title='bbox 208 2596 320 2654; x_wconf 91' lang='lat' dir='ltr'><strong>Neronis</strong></span> <span class='ocrx_word' id='word_1_233' title='bbox 335 2617 381 2670; x_wconf 90' lang='lat' dir='ltr'><strong>per</strong></span> <span class='ocrx_word' id='word_1_234' title='bbox 397 2600 522 2672; x_wconf 87' lang='lat' dir='ltr'><strong>ejusmodi</strong></span> <span class='ocrx_word' id='word_1_235' title='bbox 540 2602 663 2674; x_wconf 86' lang='lat' dir='ltr'><strong>imagines</strong></span> <span class='ocrx_word' id='word_1_236' title='bbox 681 2603 799 2668; x_wconf 89' lang='lat' dir='ltr'><strong>illusisse,</strong></span> <span class='ocrx_word' id='word_1_237' title='bbox 816 2621 864 2658; x_wconf 89' lang='lat' dir='ltr'><strong>nec</strong></span> 
     </span>
     <span class='ocr_line' id='line_1_34' title="bbox 105 2688 475 2731; baseline 0.022 -14"><span class='ocrx_word' id='word_1_238' title='bbox 105 2688 161 2728; x_wconf 80' lang='lat' dir='ltr'><strong>rsa,</strong></span> <span class='ocrx_word' id='word_1_239' title='bbox 168 2691 223 2722; x_wconf 82' lang='lat' dir='ltr'><strong>nors.</strong></span> <span class='ocrx_word' id='word_1_240' title='bbox 234 2693 262 2724; x_wconf 86' lang='lat'><strong>11.</strong></span> <span class='ocrx_word' id='word_1_241' title='bbox 453 2691 475 2731; x_wconf 69' lang='lat' dir='ltr'>u</span> 
     </span>
    </p>
   </div>
   <div class='ocr_carea' id='block_1_4' title="bbox 0 0 1060 3038">
    <p class='ocr_par' dir='ltr' id='par_1_4' title="bbox 0 0 1060 3038">
     <span class='ocr_line' id='line_1_35' title="bbox 0 0 1060 3038; baseline 0 0"><span class='ocrx_word' id='word_1_242' title='bbox 0 0 1060 3038; x_wconf 95' lang='lat' dir='ltr'><strong> </strong></span> 
     </span>
    </p>
   </div>
  </div>
 </body>
</html>
