2096 3038
59 231 81 269 A
99 231 120 269 1>
139 229 181 278 ⁶9]
260 165 510 215 HISTORIARUM
527 166 573 216 1v.
589 167 661 216 2-5.
814 176 860 226 159

60 279 162 350 quippe
180 291 282 349 sumpta
297 295 343 348 per
361 278 454 334 Gallias
472 279 660 349 Hispaniasque
684 276 767 334 civilia
783 294 862 346 arma,

60 356 146 410 motis
171 355 203 410 ad
226 353 321 410 bellum
345 355 485 420 Germanis,
508 373 567 410 mox
590 355 701 426 Illyrico,
725 358 862 426 postquam

61 431 220 503 AEgypt'um,
238 430 362 496 audeam,
383 431 532 502 Syriamque
552 434 579 486 et
607 449 694 486 omnes
718 431 861 501 provincias

63 508 249 578 exercitusque
265 506 442 577 lustraverant,
454 508 525 564 velut
537 508 639 579 expiato
651 511 776 562 terranem
793 506 862 573 orbe,

63 584 167 654 cepisse
175 585 252 639 finem
263 583 421 640 videbantur.
457 584 585 641 Addidere
595 585 753 640 alacritatem
765 584 884 654 Vespa-5

64 661 234 725 stauilitum,
246 664 368 731 tanquam
379 665 497 716 manente
509 661 577 716 bello
589 661 697 732 scriptae.
732 660 772 716 Ea
782 660 864 731 prima

65 737 153 807 specie
171 737 269 792 forma:
288 741 408 792 caeterum
423 741 454 793 ut
470 739 587 809 princeps
603 737 761 808 loquebatur,
781 736 865 791 civilia

66 813 101 868 de
121 831 150 868 se
166 817 193 868 et
207 813 351 884 reipublicae
368 814 477 885 egregia.
520 815 577 870 Nec
596 818 699 869 senatus
715 813 865 883 obsequium

67 889 176 944 deerat:
194 890 244 960 ipsi
262 889 409 944 consulatum
427 907 485 944 cum
502 890 561 944 lito
577 890 637 957 filio,
648 895 760 960 pratura
775 889 865 944 Domi·

68 966 141 1020 tiano
158 967 185 1019 et
201 965 332 1020 consulare
347 965 482 1034 imperium
497 965 675 1020 decernuntur.
711 965 821 1019 Miserat
838 964 890 1019 eta

68 1041 209 1094 Mucianus
221 1040 341 1110 epistolas
353 1039 385 1094 ad
397 1045 522 1109 senatum,
535 1060 591 1112 quae
602 1041 733 1095 materiam
746 1041 865 1095 samsoni-

70 1115 121 1170 bus
133 1115 272 1186 praebuere.
310 1115 338 1170 Si
351 1116 467 1186 privatus
482 1124 557 1182 esset,
575 1134 620 1172 eur
635 1116 735 1187 publice
750 1117 865 1186 loquere·

71 1193 137 1246 turl
155 1191 275 1246 Potuisse
293 1191 380 1246 eadem
397 1209 492 1261 paucos
510 1201 568 1262 post
587 1192 640 1247 dies
658 1192 714 1247 loco
735 1191 867 1246 sententia

72 1267 131 1322 diei.
168 1267 230 1339 Ipsa
241 1285 342 1338 qnoque
357 1268 491 1323 insectatio
507 1269 535 1323 in
546 1269 679 1324 Vitellium
697 1286 754 1323 sera
769 1272 796 1323 et
813 1267 889 1324 sinet

71 1345 199 1400 libertato.
243 1343 277 1398 Id
294 1361 355 1399 vero
370 1363 432 1415 erga
447 1345 628 1416 rempublicam
647 1344 791 1417 superbum,
807 1361 869 1415 erga

71 1421 213 1492 principem
233 1420 452 1486 contumeliosum,
477 1421 545 1492 quod
565 1423 592 1477 in
616 1440 693 1477 manu
717 1439 764 1476 sua
787 1421 867 1476 inisse

72 1497 208 1568 imperium
220 1495 392 1568 donatumque
408 1497 565 1568 Vespasiano
581 1499 703 1570 jactabat.
740 1498 868 1553 Getarum

74 1574 171 1628 inuidia
178 1573 206 1628 in
217 1573 325 1638 occulto,
336 1573 449 1630 adulatio
460 1573 488 1629 in
499 1583 587 1646 aperto
600 1579 680 1630 eraut.
709 1575 796 1630 Multo
808 1577 889 1630 eumd

74 1649 169 1704 honore
180 1649 316 1704 verborum
327 1650 449 1706 Muciano
466 1651 627 1722 triumphalia
645 1651 677 1707 de
694 1651 759 1708 bello
774 1651 868 1706 civium

75 1725 152 1780 data:
170 1725 216 1780 sed
227 1726 256 1780 in
265 1726 393 1781 Sarmatas
405 1727 533 1797 expeditio
542 1728 693 1800 fingebatur.
729 1727 869 1782 Adduutur

76 1802 161 1856 Primo
184 1801 298 1855 Antonio
322 1803 470 1868 consularia,
496 1804 613 1859 Cornelio
636 1804 720 1859 Fusco
744 1808 771 1858 et
792 1803 868 1858 Arrio

77 1877 146 1931 Varo
163 1876 283 1946 praetoria
293 1876 410 1948 insignia.
446 1879 512 1933 Mon
523 1880 584 1934 deos
595 1897 730 1949 respexere
739 1903 747 1946 ;
765 1879 892 1934 restituit

79 1951 229 2022 capitolium
247 1951 349 2020 placuit.
385 1954 474 2023 anue
493 1956 578 2008 omnia
595 1955 714 2010 Valerius
731 1955 869 2022 Asiaticum,

80 2025 167 2080 consul
174 2025 330 2094 designatus,
339 2029 453 2082 censuit:
467 2031 553 2084 caeteri
561 2029 634 2084 vultu
643 2047 778 2100 manuque,
788 2029 870 2098 pauci,

81 2101 170 2173 quibus
194 2101 330 2170 conspicua
353 2102 471 2173 ‘dignitas
498 2108 543 2158 aut
571 2105 703 2175 ingenium
726 2104 871 2160 adulatione

82 2177 227 2242 exereitum,
241 2178 387 2248 compositis
399 2179 556 2235 orationibus
569 2179 781 2235 assentiebantur.
817 2180 892 2236 Ubie

83 2253 114 2308 ad
126 2253 274 2309 Heluidium
286 2253 410 2318 Priscum.
423 2259 556 2326 pretorem
570 2256 738 2327 designatum,
757 2260 869 2322 ventum,

83 2329 204 2400 prompsit
222 2331 373 2385 senteutiam
393 2335 423 2386 ut
443 2332 606 2388 honorificam
623 2334 651 2387 in
668 2332 762 2388 bonum
780 2333 871 2404 princi-

84 2425 145 2478 pem,
168 2405 233 2460 salsa
262 2405 374 2473 aberant,
405 2411 432 2463 et
455 2409 553 2482 studiis
572 2413 675 2464 senatus
699 2409 870 2466 attollebatur.

85 2483 159 2553 Isque
176 2481 318 2552 praecipuus
338 2484 376 2539 illi
396 2484 458 2550 dies,
477 2501 575 2557 magnae
596 2485 697 2542 offensae
717 2487 820 2542 initium
844 2490 871 2542 et

79 2573 177 2628 *magnae
188 2557 275 2630 mona
287 2560 346 2615 fuit.

118 2635 169 2689 Res
180 2652 284 2704 poscere
302 2637 408 2704 videtur,
422 2637 482 2709 quia
499 2639 591 2694 iterum
603 2639 631 2694 iu
645 2641 799 2697 mentionem
810 2639 897 2697 inei-5

88 2709 164 2765 dnus
175 2710 225 2767 viri
236 2713 329 2789 saepius
344 2715 508 2782 memorandi,
522 2722 552 2772 ut
564 2717 644 2773 vitam
661 2717 796 2796 studiaque
808 2716 872 2792 ejus,
