2104 3022
165 139 213 188 290
486 131 637 184 TACITUS

158 248 302 313 immtatis,
316 249 361 302 ant
374 263 447 302 reum
462 261 583 314 prospere
599 241 799 312 delectassent
814 239 884 310 apud
900 257 965 295 oen-

167 326 290 381 tumviros
302 341 403 379 causam
415 322 525 392 aliquam
539 319 646 374 feliciter
657 336 737 386 orare,
749 321 794 372 aut
811 315 879 388 apud
890 317 965 386 prin·

168 402 250 472 cipem
271 402 339 472 ipsos
362 399 419 454 illos
442 397 547 452 libertos
568 400 594 450 et
615 397 792 465 procuratores
815 393 966 464 principum

140 479 236 535 '2tueri
253 482 279 532 et
294 475 427 532 defendere
443 473 526 527 datur.
562 472 628 526 'lum
643 471 706 526 milri
721 488 799 540 supra
812 468 966 524 tribunatus

168 559 194 609 et
208 558 332 624 praeturas
344 556 370 606 et
383 549 529 606 consulatus
541 547 675 603 ascendere
687 546 781 611 videor,
793 555 851 603 tum
868 545 967 602 babere

168 629 244 701 quod,
261 629 282 683 si
300 646 353 682 non
369 628 397 681 in
411 626 430 697 †
445 626 494 680 alio
511 625 600 688 oritur,
618 641 665 678 neo
682 622 804 678 codicillis
816 621 899 686 datur,
912 640 966 677 neo

146 717 225 762 scum
241 705 323 776 gratia
338 703 417 758 venit.
454 701 531 766 Quid,
544 701 611 754 fama
622 704 649 755 et
666 700 721 754 laus
733 702 808 769 eujus
824 698 887 752 artis
904 716 968 754 cum

167 785 298 837 oratorum
313 780 394 851 gloria
407 777 576 849 comparanda
591 776 669 846 cst,†
681 775 791 846 quinon
805 775 920 830 illustres
939 779 969 832 et

97 881 105 897 ·
167 857 194 912 in
208 856 272 912 urbe
287 875 340 912 non
354 856 436 910 solum
452 854 521 924 apud
537 853 686 922 negotiosos
702 856 730 907 et
747 851 824 906 rebus
839 851 967 918 intentos,

169 934 303 990 sedetiam
315 932 384 1004 apud
395 949 488 987 vacuos
500 935 527 986 et
543 929 724 997 adolescentes,
735 928 829 1000 quibus
844 927 922 982 modo
939 933 969 984 et

144 1014 238 1067 ereata
258 1010 355 1066 indoles
373 1013 414 1064 est
431 1012 458 1064 et
478 1007 544 1062 bona
561 1024 620 1076 spes
638 1005 698 1060 suit
727 1006 841 1070 Quorum
862 1006 970 1062 nomina

167 1089 239 1158 prius
251 1091 370 1159 parentes
385 1085 471 1141 liberis
487 1083 540 1140 suis
555 1083 696 1154 ingerunt?
715 1081 788 1141 Quos
801 1082 893 1154 sepius
908 1085 969 1139 vul-

167 1183 216 1233 gus
235 1182 336 1236 quoquc
354 1163 500 1234 imperitum
511 1164 538 1216 et
553 1159 684 1214 tunicatus
701 1158 743 1213 bic
760 1160 869 1230 populus
881 1164 969 1216 trans·

169 1245 260 1296 euntes
281 1240 383 1295 nomine
400 1243 474 1295 vocat
493 1241 520 1292 et
540 1237 621 1307 digito
639 1235 816 1290 domonstrat?
852 1235 968 1293 Advenae

168 1321 312 1388 quoquest
329 1316 457 1387 peregrini
472 1315 524 1386 jam
541 1314 569 1368 in
584 1311 727 1381 municipiis
745 1315 772 1366 et
789 1311 894 1367 coloniis
910 1314 967 1369 suis

168 1392 276 1460 auditos,
298 1393 484 1464 cumprimum
500 1390 590 1446 urbem
611 1389 762 1460 attigerunt,
780 1388 913 1460 requirunt
935 1407 967 1446 ac

168 1469 238 1523 velut
250 1487 387 1539 agnoscere
399 1467 589 1538 concupiscunt.

143 1547 160 1598 8
204 1545 318 1598 “Ausim
330 1544 492 1610 contendere,
504 1541 654 1596 Marcellum
665 1541 734 1597 huno
745 1541 860 1612 Eprium,
869 1541 901 1596 de
913 1560 966 1613 quo

167 1619 242 1673 modo
254 1619 356 1674 locutus
373 1637 437 1684 sum,
451 1623 478 1673 et
495 1618 614 1688 Crispum
625 1617 732 1673 Vibium
749 1617 881 1688 (libentius
896 1621 966 1674 enirn

167 1695 239 1748 noris
252 1698 279 1749 et
291 1693 437 1748 recentibus
450 1711 524 1764 quam
536 1694 641 1748 remotis
653 1703 680 1748 et
691 1694 832 1749 obliteratis
841 1695 965 1764 exemplis

168 1770 248 1839 ntor.)
266 1787 318 1825 non
339 1770 422 1824 minus
440 1788 496 1825 esse
517 1771 544 1824 in
561 1770 681 1826 extremis
702 1770 817 1841 pertibus
838 1774 966 1826 terrarum

146 1857 244 1917 aquam
265 1847 360 1917 Gapnsc
382 1855 427 1902 aut
447 1846 578 1912 Vercellis,
603 1847 648 1902 ubi
668 1847 723 1901 nati
743 1846 870 1902 dicuntur.
907 1847 966 1904 Nec

167 1923 216 1978 boo
236 1923 285 1979 illis
303 1923 408 1980 alterius
425 1928 467 1979 ter
483 1923 573 1978 millies
591 1923 738 1979 sestertium
755 1927 868 1994 praestat,
887 1941 965 1994 quan·

168 2017 243 2070 quam
255 2001 288 2055 ad
301 2000 346 2056 bas
358 2001 426 2072 ipsas
438 2019 499 2072 opes
511 2003 619 2072 possunt
632 1999 711 2054 rideri
723 1999 873 2070 eloquentie
888 1999 965 2056 bene-

166 2075 225 2131 licio
243 2078 349 2142 venisse,
362 2078 407 2132 sed
421 2077 477 2148 ipsa
492 2077 650 2147 eloquentia;
677 2076 750 2146 cujus
765 2093 860 2130 numen
874 2079 902 2130 et
917 2095 964 2132 caa-

166 2150 239 2208 lestis
252 2153 290 2209 vis
303 2153 384 2208 multa
396 2153 497 2224 quidem
512 2152 629 2207 omnibus
641 2151 733 2207 seculis
749 2152 864 2223 exempla
875 2152 962 2220 edidit,

168 2227 200 2282 ad
218 2247 292 2298 quam
310 2247 393 2300 usque
409 2230 538 2284 lortamam
554 2228 668 2283 homines
684 2228 780 2298 ingenii
796 2228 893 2283 viribus
908 2247 964 2299 per-

167 2305 299 2372 venerint3
318 2306 363 2360 sed
380 2305 441 2370 lraec,
452 2309 482 2360 ut
500 2323 576 2375 supra
593 2305 652 2368 dixi,
670 2305 785 2375 proxima
800 2308 826 2359 et
843 2323 899 2375 quoe
910 2323 962 2360 non

168 2379 257 2434 auditu
277 2382 459 2451 cognoscenda
480 2381 526 2436 sed
544 2381 624 2436 oculis
643 2380 782 2451 spectanda
801 2381 959 2438 haberemus.

147 2453 237 2511 auam
250 2474 300 2524 quo
313 2458 439 2512 sordidius
457 2461 483 2512 et
496 2458 625 2527 abjectius
642 2457 697 2512 neti
715 2461 783 2522 suut,
801 2475 901 2528 quoque
918 2475 963 2513 no-

167 2527 269 2582 tabilior
292 2537 429 2600 paupertas
452 2538 480 2588 et
503 2535 628 2604 angrmtiae
653 2553 738 2589 remim
761 2539 895 2589 nascentes
919 2552 962 2589 eos

168 2603 400 2672 circumsteterunt,
414 2627 445 2663 eo
457 2610 564 2664 clariora
579 2610 651 2664 etad
667 2610 889 2665 demonstrandam
905 2629 962 2666 ora-

169 2678 240 2736 toriae
262 2678 412 2750 eloquentie
432 2685 570 2740 utilitatem
591 2686 729 2742 illustriora
752 2687 869 2758 exemplu
892 2693 961 2755 sunt,
