2070 3204
76 411 192 460 mm]
207 411 215 436 n,
274 350 527 400 HISTORIARUM
545 351 566 400 1.
585 353 686 400 18-16.
859 355 875 402 9

80 461 123 516 Ea
141 479 200 530 pars
212 477 311 516 morum
323 461 377 530 ejus
389 478 440 532 quo
452 462 593 533 suspeetior
609 461 730 527 sollicitis,
743 461 898 532 adoptantie

75 535 206 606 placebat.
244 536 329 607 Igitur
344 537 431 603 Galba,
445 538 602 608 apprehensa
621 537 722 592 Pisonis
741 556 825 604 manu,
847 538 920 592 in15

80 611 152 668 hunc
163 613 265 667 modum
277 612 378 668 loeutus
390 613 472 668 fertur
481 619 541 668 :—“
551 614 579 668 Si
589 617 616 668 te
628 613 742 684 privatus
759 613 817 684 lege
833 631 875 668 cu-

31 688 35 698 '
80 687 149 742 rista
166 688 234 758 apud
251 688 391 758 pontifices,
404 693 434 744 ιι
450 689 528 744 moris
544 692 592 754 est,
605 687 758 760 adoptarem,
771 696 798 742 ιι
813 689 876 743 mihi

80 764 214 834 egregium
227 767 282 818 erat
295 764 342 818 Cn.
355 765 469 836 Pompeii
481 769 507 820 et
520 766 558 820 M.
572 765 658 820 Crassi
670 764 782 820 subolem
793 765 821 818 in
832 783 876 834 pe-

77 842 157 906 nates
166 857 236 894 meos
244 839 392 906 adsciscere,
400 844 427 895 et
436 841 589 912 tibiinsigne
600 839 716 910 Sulpicia
725 857 754 894 ac
763 840 875 894 Lutetia

82 913 175 970 decora
185 915 314 970 nobilitati
326 919 378 970 tuae
394 915 522 986 adjecisse.
560 917 637 972 Nune
654 934 694 970 me
711 915 814 970 deorum
830 916 898 970 ιιι-2

76 991 229 1062 ¹mirumque
253 1009 379 1046 consensu
401 992 434 1047 ad
457 992 591 1063 imperium
614 997 732 1048 vocatum
754 991 876 1062 praeclara

76 1066 179 1124 ¹indoles
195 1071 242 1122 tua
253 1071 280 1122 et
297 1085 366 1122 amor
379 1068 467 1138 patriae
485 1068 593 1138 impulit,
606 1071 636 1122 ut
652 1067 829 1138 principatum,
843 1066 875 1122 de

78 1161 134 1214 quo
146 1143 254 1214 majores
266 1143 347 1197 ιοιιιί
358 1145 436 1198 armis
448 1145 587 1210 certabant,
567 1143 661 1199 tbello
673 1143 780 1214 adeptus
792 1143 875 1214 quies·

82 1218 152 1274 centi
169 1219 280 1284 offeram,
293 1219 408 1291 exemplo
425 1219 478 1275 diri
491 1221 610 1290 Augusti,
623 1220 667 1290 qui
685 1219 778 1274 sororis
795 1219 875 1274 filium

80 1293 241 1360 Marcellum,
255 1295 314 1350 dein
324 1314 446 1368 generum
458 1297 605 1368 Agrippam,
618 1313 678 1350 mox
689 1299 767 1366 nepot
768 1313 795 1349 es
804 1313 874 1360 snos,

80 1375 141 1442 post
142 1389 211 1426 remo
223 1371 353 1426 Tiberium
365 1372 494 1427 Neronem
503 1373 648 1444 privignum
660 1371 688 1426 in
699 1370 814 1442 proximo
826 1371 875 1426 sibi

82 1449 141 1504 fast'
121 1450 185 1520 trgio
197 1449 336 1506 collocavit.
370 1450 420 1506 Sed
432 1451 586 1522 Augusmrs'
578 1469 606 1505 ιι
617 1450 691 1504 domo
704 1465 898 1538 successorema

78 1526 207 1596 quesivit,
226 1543 274 1597 ego
294 1527 322 1582 in
340 1526 493 1598 republica,
512 1544 564 1582 non
581 1527 641 1598 quia
655 1525 810 1597 propinquos
829 1529 874 1580 aut

81 1601 164 1658 socios
176 1601 236 1658 belli
252 1621 305 1658 non
321 1602 441 1658 habeam:
460 1603 506 1660 sed
517 1622 600 1675 neque
611 1603 666 1674 ipse
677 1601 810 1672 imperium
822 1619 875 1664 am·

81 1675 178 1734 bitione
190 1678 283 1749 accepi,
297 1682 323 1734 et
332 1679 423 1750 judieii
431 1680 482 1735 mei
494 1679 674 1736 documentum
683 1678 735 1734 sint
747 1695 799 1732 non
810 1695 873 1732 mea
916 1711 919 1722 r

82 1756 184 1808 tantum
199 1754 408 1821 necessitudines,
422 1774 484 1827 quas
496 1755 545 1812 tibi
555 1755 695 1827 postposui,
710 1753 755 1809 sed
771 1757 797 1808 et
813 1756 873 1810 tua.

82 1830 131 1886 Est
142 1831 190 1887 tibi
201 1832 281 1888 frater
292 1834 347 1904 pari
367 1833 506 1900 nobilitate,
523 1838 587 1890 natu
606 1833 694 1905 major,
714 1831 806 1903 dignus
826 1832 874 1888 hac

81 1907 191 1974 fortuna,
205 1909 255 1965 nisi
266 1913 297 1964 tu
312 1909 397 1981 potior
414 1929 491 1966 esses.
527 1911 567 1965 En
584 1914 645 1966 aetas
656 1913 709 1974 tua,
730 1926 786 1978 quae
804 1907 899 1978 cupi-4

80 1982 174 2040 ditatos
187 1985 363 2042 adolescentie
373 1987 424 2057 jam
437 1987 573 2058 effugerit;
590 2005 621 2042 ιι
631 1986 692 2051 vita,
706 1985 734 2040 in
745 2002 795 2054 qua
811 1985 875 2040 nihil

80 2062 238 2132 preteritum
250 2062 422 2118 excusandum
435 2063 535 2118 habeas.
571 2062 711 2118 Fortunam
724 2060 806 2116 adhuc
818 2063 898 2122 tan-5

79 2139 137 2192 tum
149 2137 279 2194 adversam
295 2138 395 2193 tulisti:
418 2139 535 2194 secunda
550 2157 591 2194 res
610 2138 748 2194 acrioribus
764 2137 874 2191 stimulis

79 2212 178 2268 animos
201 2215 341 2285 explorant,
367 2214 427 2284 quia
451 2214 558 2269 miserim
581 2215 730 2279 tolerantur,
752 2211 874 2268 felicitate

80 2289 272 2360 corrumpimur.
308 2290 405 2356 Fidem,
418 2290 569 2358 libertatern,
586 2289 730 2354 amicitiam,
747 2288 899 2358 praecipuae

79 2365 184 2422 humani
201 2367 279 2422 animi
293 2366 366 2432 bona,
384 2371 416 2421 tu
432 2365 534 2436 quidem
551 2365 639 2420 eadem
657 2363 800 2420 constantie
815 2363 874 2418 reti-

79 2441 160 2508 nebis,
177 2442 224 2498 sed
247 2443 290 2498 alii
312 2461 358 2512 per
378 2441 527 2512 obsequium
551 2441 708 2496 innninuent.
744 2439 899 2510 Irrumpetr

80 2517 198 2584 addatio,
223 2518 359 2585 blanditie,
383 2519 521 2606 pessimum
538 2519 592 2574 veri
615 2517 721 2572 affectus
740 2534 874 2584 venenum,

80 2611 127 2650 sna
146 2595 290 2668 mriqnet
259 2597 366 2653 utilitas.
403 2597 467 2652 Et'
426 2601 509 2668 tJam
531 2613 579 2668 ego
597 2615 626 2652 ιι
641 2599 672 2650 ιι
689 2593 898 2666 simplicissimae

79 2677 147 2726 mter
157 2689 204 2728 nos
215 2673 290 2730 hodie
302 2674 445 2746 loquimur·
464 2673 541 2728 ceteri
560 2673 647 2728 libent
627 2677 680 2728 trus
696 2689 753 2726 cum
770 2671 873 2725 fortuna

79 2750 167 2802 nostra
185 2768 261 2820 quarn
281 2751 422 2808 nobiscum.
458 2751 528 2806 Nam
549 2750 655 2806 suadere
676 2747 784 2818 principi
805 2745 898 2816 qnod9

80 2827 203 2912 operteat,
225 2828 301 2883 multi
319 2829 428 2884 laboris.
455 2827 593 2882 assentatio
615 2843 676 2896 erga
696 2839 872 2894 quameunque

80 2899 217 2973 prinoipem
229 2905 284 2962 sine
296 2907 390 2962 effectu
400 2904 540 2978 peragitur.
576 2903 622 2958 ei·
615 2917 766 2956 rmrnensurn
773 2895 872 2966 imperii
884 2902 920 2955 16
