2104 3022
14 2779 20 2992 Ι
121 2777 178 2816 rae„
186 2779 235 2808 roas.
246 2780 271 2811 11.
479 2769 497 2807 X

289 121 338 170 Da:
356 120 583 170 oenomaus
601 122 705 170 21-23.
842 123 890 169 806

99 249 192 288 morem
209 233 348 288 Annalium
365 236 567 304 componantur3
584 233 679 303 fugitet
695 232 789 288 iudam
805 236 832 288 et
852 233 890 288 in-

98 309 192 364 sulsam
208 310 396 376 souriilitatem,
413 312 495 367 variet
510 309 725 381 compositionem,
738 327 785 365 nee
801 327 889 365 omnes

99 385 221 441 clausulas
233 404 285 441 uno
297 390 324 441 et
336 387 423 442 eodem
434 388 510 443 modo
522 386 680 441 determinet.

131 462 222 516 “Nolo
241 462 345 518 irridere
367 469 460 518 ‘rotam
480 464 612 528 Fortanoe,'
631 466 657 518 et
678 464 734 532 ‘jas
752 463 936 530 umnam,'23

97 540 123 594 et
140 538 209 604 illud,
228 539 306 594 tertio
330 557 430 611 quoque
454 559 532 596 sensu
548 541 576 594 in
592 538 709 593 omnibus
732 539 889 594 orationibus

98 631 143 684 pro
163 615 290 670 sententia
309 615 428 685 positum,
450 621 515 671 ‘ease
532 616 662 670 adeatur!
699 615 768 670 Nam
787 619 814 670 et
834 615 889 670 haee

98 691 191 746 invitus
203 691 288 760 retuli,
300 695 327 746 et
339 692 415 762 plura
429 693 510 758 omisi,
524 711 581 762 qum
597 695 685 746 tamen
700 691 754 746 sola
764 691 889 746 munaus

97 771 172 836 atque
193 768 338 838 exprimunt
358 768 385 834 ii,
408 769 452 839 qui
470 787 498 824 se
517 769 635 839 antiquos
654 771 767 822 oratores
786 772 887 824 vocant.

97 843 230 899 Neminem
245 845 389 910 nominabo,
407 864 488 916 genam
505 845 635 900 hominum
651 845 808 915 signifieisse
829 855 913 900 oon-2

50 981 54 986 ,
97 923 198 975 tentus:
218 921 263 976 sed
282 921 355 976 vobis
375 924 465 993 utique
488 924 621 976 versantur
642 925 701 975 ante
725 920 818 985 oeulos,
844 923 889 992 qui

96 996 223 1051 Lucilium
243 1015 289 1067 pro
310 997 420 1053 Horatio
440 1002 467 1053 et
486 997 636 1053 Lucretium
656 1015 702 1067 pro
723 996 832 1068 Virgilio
853 997 888 1050 le-

96 1079 178 1142 gunt,
209 1073 302 1143 quibus
328 1073 473 1144 eloquentia
501 1073 597 1128 Aufidii
620 1072 695 1127 Bassi
718 1075 763 1126 aut
788 1072 888 1128 Servilii

96 1149 208 1203 Noniani
219 1168 251 1204 ex
263 1150 451 1220 comparatione
463 1151 575 1206 Sisennae
587 1153 631 1204 aut
649 1149 771 1204 Varronis
784 1149 885 1216 sordet3

96 1224 139 1295 qui
162 1225 293 1280 rhetorum
316 1229 463 1281 nostrorum
485 1225 678 1282 oommentarios
701 1221 836 1280 fastidiunt
859 1230 886 1280 et

96 1301 211 1368 oderunt,
229 1303 301 1358 (tulvi
316 1303 448 1358 misatur.
486 1304 567 1369 Quos,
582 1321 651 1358 more
668 1304 751 1374 priseo
767 1303 834 1374 apud
842 1306 910 1373 ju-3

95 1377 176 1433 dioem
196 1379 347 1446 fabulantes,
369 1398 420 1434 non
441 1380 568 1436 auditores
592 1383 741 1451 sequuntur,
765 1397 817 1434 non
840 1398 886 1450 po·

94 1455 169 1525 palus
193 1455 272 1522 audit,
296 1457 340 1511 vix
365 1456 473 1529 deniquo
496 1457 610 1529 litigator
633 1456 790 1528 perpetitur:
821 1455 885 1512 adeo

95 1532 177 1586 maesti
194 1536 221 1586 et
238 1532 328 1588 inoulti
344 1533 413 1587 illam
430 1535 519 1603 ipsam,
538 1551 614 1605 quam
628 1535 733 1606 jactant,
751 1532 886 1588 sanitatem

94 1625 146 1663 nou
160 1608 279 1664 firmitate
295 1609 341 1664 sed
353 1611 453 1679 jejunio
470 1614 668 1682 consequuntur.
704 1611 785 1666 Porro
805 1629 838 1666 ne
858 1610 910 1665 ius

94 1700 199 1754 corpore
211 1683 313 1755 quidem
324 1685 498 1742 valetudinem
509 1687 601 1744 medioi
611 1687 727 1759 probant,
741 1705 798 1758 quae
809 1687 886 1742 animi

94 1759 224 1814 anxietate
233 1761 374 1830 eontingit;
388 1781 478 1834 parum
490 1767 530 1818 est
539 1783 633 1836 aegium
646 1783 698 1818 non
709 1782 779 1818 essa:
793 1765 885 1818 sortem

93 1838 121 1890 et
132 1835 219 1891 laetum
231 1841 258 1891 et
275 1837 382 1893 alaerem
395 1839 461 1894 volo.
498 1840 581 1910 Prope
597 1840 669 1895 abest
686 1840 717 1894 ab
729 1839 884 1903 infimitate,

92 1911 120 1965 in
132 1930 182 1982 quo
195 1912 248 1968 sola
259 1914 354 1969 sanitas
367 1913 492 1969 laudatur.
529 1915 583 1970 Vos
595 1933 663 1980 vero,
677 1913 841 1980 disertissimi,
854 1918 908 1970 uto

92 1989 208 2058 potestis,
222 1992 253 2044 ut
264 1989 356 2055 facitis,
369 1990 495 2046 illustrate
511 1991 623 2046 seculum
640 1995 756 2046 nostrum
767 1990 885 2060 pulcher-

91 2064 157 2120 rimo
173 2084 265 2136 genere
283 2066 390 2122 dioendi.
427 2067 495 2122 Nam
512 2071 538 2122 et
557 2071 591 2136 te,
611 2068 729 2132 Messala,
750 2066 823 2121 video
841 2066 885 2121 le·

90 2141 192 2196 tissima
204 2161 310 2215 quaeque
322 2144 485 2215 antiquorum
494 2145 650 2211 imitantem
664 2149 690 2199 et
702 2161 754 2208 vos,
765 2143 884 2198 Materne

90 2235 122 2272 ao
139 2219 263 2285 Seounde,
280 2220 318 2275 ita
334 2221 456 2292 gravitati
473 2239 593 2276 sensuum
612 2221 719 2275 nitorem
741 2223 767 2274 et
786 2219 884 2274 oultum

89 2294 226 2350 verborum
238 2296 358 2362 miscetis,
369 2315 399 2351 ea
411 2297 502 2352 eleotio
514 2297 672 2362 inuentionis,
683 2297 704 2350 is
717 2295 778 2351 ordo
790 2314 882 2361 rerum,

89 2387 128 2438 aa,
141 2372 241 2441 quoties
260 2390 336 2428 eausa
353 2373 444 2442 possit,
459 2371 570 2439 ubertas,
589 2391 626 2438 ea,
640 2372 739 2443 quoties
757 2372 884 2443 permitti·

88 2448 142 2510 tur,
161 2445 280 2514 brevitas,
299 2449 323 2503 is
339 2447 530 2520 compositionis
549 2449 631 2513 deoor,
651 2467 682 2502 ea
700 2448 884 2504 sententiarum

87 2520 259 2590 plantasset,
273 2525 310 2579 sio
322 2524 465 2594 exprimitis
479 2525 592 2591 affectus,
609 2525 645 2579 sie
662 2525 805 2580 libertatem
821 2529 884 2580 tem·

87 2599 193 2666 peratis,
212 2604 248 2665 ut,
266 2600 366 2656 etiamsi
380 2604 468 2656 nostra
481 2601 578 2670 judicia
595 2601 739 2673 malignitas
752 2605 778 2656 et
790 2602 884 2656 invidia

88 2673 238 2739 tardaverit,
251 2694 340 2732 vorum
352 2677 383 2732 de
395 2676 465 2734 vobis
478 2677 572 2733 dietari
583 2678 635 2733 sint
646 2679 742 2746 posteri
754 2678 860 2732 nostri.’'
