2096 3038
74 280 94 318 A
111 279 132 318 D
149 278 190 327 Μ
253 215 507 265 msuonmnum
525 215 561 264 11.
579 213 684 267 67-70.
839 217 870 265 89

77 329 148 383 tione
160 345 235 398 quam
247 326 283 382 ibi
295 327 408 398 opperiri
421 328 533 399 jusserat
550 325 643 391 audita,
657 329 832 395 transgressus
843 325 871 380 iu

76 408 168 469 eastra,
181 405 249 458 ultro
265 404 387 474 pietatem
404 405 514 460 militum
531 403 691 467 collaudavit,
704 400 871 456 trementibus

76 481 185 546 auxiliis,
195 484 294 535 tuntum
307 481 465 552 impunitatis
478 486 554 552 atque
566 479 716 550 arrogantia
727 477 871 548 legionariis

77 557 220 612 accessisse.
256 557 411 612 Batavorum
432 558 549 613 cohortes
566 555 679 627 nequid
701 554 894 610 tmeulentiust

77 633 207 698 auderent,
228 633 254 687 in
278 634 438 688 Germaniam
458 635 576 699 remissae,
595 633 746 704 principium
769 632 871 686 interno

77 709 153 764 simul
165 713 320 780 externoque
337 709 404 764 bello
420 711 567 780 parantibus
580 710 647 764 fatis.
684 708 796 763 Reddita
811 707 893 762 aivi-8

76 786 174 840 tatibus
199 785 328 840 Gallorum
357 787 458 852 auxilia,
483 787 573 858 ingens
596 804 716 840 numerus
740 789 767 840 et
790 784 872 854 prima

77 862 165 916 statim
183 860 323 916 defectione
339 861 406 918 iuter
423 863 508 917 inania
524 863 583 917 belli
601 866 752 932 assumptus.
790 859 894 914 Cale-4

76 955 134 992 rum
146 944 176 992 ut
188 937 363 1008 largitionibus
375 938 471 993 affectae
477 939 530 1009 jam
542 938 640 1008 imperii
649 956 709 1007 opes
719 937 870 1001 sufficerent,

77 1013 203 1083 amputari
215 1013 342 1084 legionum
354 1015 554 1085 auxiliorumque
567 1032 684 1068 numeros
694 1013 774 1082 jubet,
783 1013 871 1067 vetitis

77 1088 276 1158 supplementis;
306 1094 333 1144 et
353 1091 503 1160 promiscuae
530 1089 663 1144 missiones
691 1089 870 1143 offerebantur.

76 1164 214 1218 Exitiabile
235 1164 262 1219 id
285 1165 437 1236 reipublicae,
462 1167 592 1236 ingratum
615 1165 697 1232 militi,
719 1166 760 1218 aui
783 1165 893 1222 eudemo

76 1241 165 1294 munia
179 1241 247 1295 iuter
259 1259 359 1311 paucos,
377 1241 538 1313 periculaque
555 1257 584 1294 ac
601 1240 671 1294 labor
683 1239 795 1294 erebrius
807 1241 871 1294 redi-

77 1316 147 1371 bant.
183 1317 219 1372 Ilt
237 1317 303 1372 vires
320 1318 383 1372 luxu
400 1317 633 1388 corrumpebantur,
653 1321 742 1370 eontra
760 1319 871 1370 veterem

77 1391 234 1462 disciplinam
257 1397 284 1447 et
307 1395 426 1448 instituta
446 1395 576 1465 majorum,
602 1392 669 1462 apud
691 1410 754 1463 quos
775 1392 871 1448 virtute

77 1487 154 1538 quam
166 1469 325 1538 peculiares
337 1471 454 1524 Romana
465 1469 554 1524 urebas
568 1470 648 1524 stetit.

111 1543 176 1598 Inde
188 1545 308 1598 Vitellius
325 1546 475 1600 Cremonam
492 1547 571 1611 flexit,
585 1550 619 1610 et,
640 1548 755 1616 spectato
766 1564 871 1602 munere
879 1550 915 1609 70

77 1620 191 1685 Gaeeinae,
216 1621 335 1675 insistere
358 1621 569 1678 Bedriacensibus
590 1623 685 1692 campis
710 1639 740 1677 ac
764 1622 872 1693 vestigia

75 1696 187 1750 recentis
210 1696 323 1750 victoriae
342 1697 452 1752 lustrare
472 1699 552 1754 oculis
576 1698 728 1769 concupivit.
765 1697 894 1752 Foeduma

76 1776 155 1843 atque
167 1776 241 1826 atrox
253 1774 432 1843 spectaculum.
468 1775 542 1830 Intra
549 1775 767 1846 quadragesimum
780 1792 872 1844 pugna

76 1848 145 1902 diem
156 1846 240 1902 lacera
251 1866 363 1918 corpora,
376 1850 461 1905 trunci
477 1855 555 1916 artus,
569 1855 657 1922 putres
670 1851 781 1905 virorum
795 1867 872 1920 equo·

75 1942 184 1994 rumque
196 1924 291 1989 formae,
311 1925 406 1980 infesta
417 1926 477 1981 tabo
494 1927 594 1992 humus,
607 1927 722 1996 protritis
740 1925 871 1979 arboribus

76 2019 107 2056 ac
126 1999 243 2070 frugibus
261 2000 316 2054 dira
332 2002 447 2056 vastitas.
484 2002 541 2056 Nec
558 2003 641 2056 minus
659 2003 796 2056 inhumana
813 2013 894 2070 pansa

75 2077 133 2141 viae,
152 2095 227 2146 quam
245 2076 428 2134 Cremonenses
447 2078 521 2132 lauru
541 2095 648 2147 rosaque
671 2081 871 2140 penetraverant,

75 2153 215 2207 exstructis
228 2152 349 2208 altaribus
361 2154 482 2224 caesisque
491 2153 599 2208 viotimis
611 2153 707 2223 regium
721 2152 748 2205 in
759 2169 871 2216 morem;

76 2247 142 2300 qua,
155 2227 214 2283 laeta
224 2229 253 2283 in
264 2249 383 2300 praesens,
391 2248 450 2284 mox
462 2229 597 2300 perniciem
609 2229 670 2298 ipsis
687 2227 776 2282 fecere.
805 2226 898 2283 nde-a

74 2309 136 2360 rant
149 2305 243 2360 Valens
262 2311 288 2361 et
310 2307 419 2372 Caecina,
436 2305 660 2376 monstrabantque
678 2322 770 2375 pugna
787 2302 871 2358 locos:

74 2382 138 2437 bine
155 2381 276 2452 irrupisse
296 2383 426 2454 legionum
450 2401 547 2452 agmen,
567 2381 626 2436 hino
646 2381 744 2452 equites
763 2384 871 2446 coortos,

74 2457 138 2514 inde
150 2457 315 2514 circumfusas
328 2459 478 2514 auxiliorum
493 2477 590 2512 munus.
627 2459 643 2511 J
645 2477 685 2512 om
697 2457 794 2512 tribuni
806 2475 871 2527 prae·

74 2534 198 2604 lectique,
216 2553 263 2588 sua
278 2536 385 2606 quisque
401 2535 469 2590 faeta
486 2535 643 2600 extollentes,
657 2535 726 2599 falsa,
747 2552 814 2598 vera,
828 2537 878 2587 aut·

75 2612 175 2681 majora
192 2629 251 2665 vero
273 2612 420 2666 miscebant.
457 2610 558 2683 Vulgus
580 2630 679 2682 quoque
696 2611 806 2664 militum
824 2609 894 2672 cla-5

75 2690 192 2741 moreat
210 2687 303 2758 gaudio
324 2688 458 2742 deflectere
478 2689 526 2753 via,
546 2689 628 2758 spatia
648 2687 812 2742 certaminum
834 2701 880 2736 re·-

76 2779 239 2833 cognoseere,
253 2781 371 2835 aggerem
383 2781 517 2832 armorum,
530 2767 614 2820 stmes
623 2757 879 2832 corporumintueri„
