2096 3038
174 107 220 154 144
506 106 625 154 raom

798 168 834 215 [n.
845 168 873 206 o.
884 168 911 208 c.
922 167 972 208 aaa

153 216 323 272 athamanico
334 215 409 271 foret
428 216 504 272 Nunc
516 217 648 288 pecuniam
660 218 687 271 at
703 215 823 270 famiam
834 219 861 270 et
873 216 974 271 beatos

175 293 317 364 Campaniae
336 293 406 346 sinus
424 293 554 363 promitti:
582 291 627 349 sed
647 291 692 347 ubi
712 292 845 362 imperium
865 291 975 362 Vespa-

175 369 260 424 sianus
272 368 399 434 invaserit,
411 385 463 422 non
477 369 532 440 ipsi,
545 386 597 423 non
613 369 700 424 amicis
712 368 774 438 ejus,
788 385 839 422 non
855 366 974 437 denique

175 445 327 500 exercitibus
343 446 513 510 securitatem,
527 445 576 500 nisi
593 445 719 500 exstincto
732 443 885 510 aemrrlatore,
898 443 974 498 redi-

154 524 266 575 aturam.
303 521 410 574 Fabium
430 521 480 576 illis
501 521 643 588 Valentem,
663 520 792 592 captivum
816 525 842 574 et
863 519 973 574 casibus

176 595 259 650 dubiis
271 600 436 662 reservatum,
445 615 600 668 pregravem
609 597 700 652 luisse:
719 595 813 651 nedum
821 595 928 650 Primus
941 613 974 650 ac

176 671 273 725 thracus
291 675 317 725 et
335 671 461 740 specimen
476 673 587 743 partium
599 673 740 727 'Mucianus
756 671 831 725 ullam
844 671 873 724 in
885 671 973 726 Vitel-

156 745 237 800 tlium
254 747 303 800 nisi
314 746 444 802 occidendi
459 748 585 804 licentiam
601 748 719 804 habeant.
755 747 817 801 Non
833 765 848 801 a
866 747 972 802 ansare

177 822 332 892 Pompeium,
345 841 397 877 non
409 823 440 878 ab
456 825 575 895 Augusto
587 827 728 880 Antonium
744 823 884 878 incolumes
895 823 972 878 relic-

177 902 226 962 tos,
256 899 306 953 nisi
333 899 399 954 sorte
426 899 599 970 Vespasianus
627 901 729 956 altiores
756 899 861 968 spiritus
885 903 971 970 gerat,

179 975 277 1030 Vitellii
304 975 389 1041 cliens,
414 994 473 1030 cum
497 977 615 1032 Vitellius
639 977 735 1048 collega
759 975 865 1030 Claudio
892 975 972 1030 soret.

155 1052 257 1116 albuin,
276 1054 306 1106 ut
324 1070 456 1107 censuram
472 1053 560 1124 patris,
580 1057 610 1108 ut
630 1057 683 1108 tres
703 1051 855 1116 consulatus,
875 1055 906 1104 ut
930 1055 973 1106 tot

180 1129 287 1200 egregia
299 1129 388 1184 domus
403 1129 511 1184 honores
530 1130 638 1195 deceret,
652 1129 826 1200 desperatione
840 1127 933 1182 saltem
945 1129 974 1182 in

181 1206 309 1260 audaciam
332 1206 512 1276 accingeretur,
548 1207 668 1262 Perstare
694 1205 807 1271 militem,
836 1222 973 1276 superesse

161 1281 266 1342 tstudia
277 1281 369 1352 populi.
404 1282 521 1352 Denique
538 1283 601 1336 nihil
612 1283 722 1337 atrocius
731 1284 881 1336 eventurum
893 1297 973 1350 quam

181 1358 209 1412 in
224 1357 292 1427 quod
309 1361 399 1428 sponte
415 1363 499 1414 ruant.
535 1359 697 1414 Moriendum
711 1355 794 1426 victis,
811 1355 972 1411 moriendum

182 1432 291 1486 deditis:
322 1433 349 1487 id
373 1434 454 1488 solum
477 1435 578 1500 referre,
600 1434 764 1489 novissimum
785 1432 902 1503 spiritum
925 1450 973 1502 per

182 1507 318 1563 lubibrium
340 1513 366 1564 et
387 1510 551 1565 contumelias
571 1509 702 1564 effundant
723 1528 756 1564 an
774 1527 819 1579 per
839 1507 971 1562 virtutem.

139 1584 271 1650 67Surdae
294 1584 326 1638 ad
349 1585 426 1641 fortia
447 1586 550 1641 consilia
568 1586 672 1640 Vitellio
694 1603 774 1640 aures.
809 1582 973 1638 Obruebatur

184 1661 282 1715 ammas
309 1661 470 1716 miseratione
493 1680 611 1732 curaque,
640 1680 671 1716 nc
697 1659 867 1732 pertinacibus
895 1659 973 1714 armis

184 1737 267 1792 minus
279 1735 426 1806 placabilem
432 1737 554 1792 victorem
562 1738 716 1809 relinqueret
728 1735 832 1808 conjugi
843 1734 973 1790 acliberis.

163 1812 333 1870 caratauc
345 1813 412 1867 fessa
424 1817 500 1868 aetate
511 1831 618 1884 parens;
637 1833 693 1883 quae
709 1817 801 1876 tamen,
815 1811 901 1882 paucis
913 1813 974 1865 ante
1030 1869 1031 1878 ,

185 1887 281 1953 diebus,
306 1893 449 1959 opportuna
471 1892 553 1946 morte
578 1889 705 1944 excidium
728 1887 818 1943 domus
841 1886 972 1959 prevenit,
1030 1905 1031 1912 ι

184 1964 248 2019 nihil
271 1965 413 2035 principatu
436 1965 481 2018 filii
504 1969 621 2020 assecuta
643 1965 693 2020 nisi
715 1965 813 2019 luctum
831 1967 858 2017 et
880 1962 974 2016 bonam

185 2040 284 2096 famam.
297 2041 355 2095 XV.
369 2039 496 2095 Kalendas
506 2041 523 2094 J
524 2042 649 2107 annarias,
659 2041 744 2096 audita
757 2039 898 2094 defectione
912 2037 975 2108 legi-

185 2118 241 2172 onis
260 2117 459 2187 cohortiumque,
480 2136 536 2187 quae
558 2135 586 2172 se
606 2118 711 2172 Narniae
730 2115 885 2179 dediderant,
905 2113 974 2184 pullo

165 2195 261 2252 ramict
262 2213 280 2247 u
249 2193 369 2248 ttPala
370 2194 394 2248 io
358 2193 523 2264 ttdegredi
525 2212 562 2258 ur,
581 2197 654 2248 maest
655 2212 670 2247 a
642 2193 778 2248 tcircum
795 2191 895 2245 familia
937 2189 974 2243 Si-

186 2269 239 2322 mul
258 2268 354 2323 ferebat
343 2273 386 2323 tur
405 2269 522 2324 lecticula
542 2269 662 2340 parvulus
678 2269 752 2333 filius,
774 2267 889 2322 velutin
905 2264 976 2319 iune-

186 2342 256 2399 brcm
269 2361 392 2431 pompam
428 2345 513 2400 Voces
526 2345 611 2418 populi
625 2344 765 2399 blandaet
739 2347 765 2398 et
777 2344 804 2396 in
804 2341 975 2412 tempestivae;

145 2419 258 2475 68miles
274 2419 365 2472 minaci
381 2419 463 2474 silent
444 2424 488 2474 t1.o
524 2421 581 2474 Nec
599 2420 731 2490 quisquam
747 2418 809 2472 adeo
826 2435 912 2472 rerum
929 2415 977 2470 hn-

187 2510 317 2546 mananrm
335 2493 465 2547 immemor
483 2513 558 2564 quem
576 2511 628 2548 non
645 2498 815 2548 commoveret
833 2493 876 2547 illa
861 2491 975 2556 arsacias,

187 2567 332 2620 Romanurn
355 2567 543 2635 principemet
567 2570 666 2638 generis
690 2568 794 2622 humani
819 2567 894 2637 paulo
918 2569 976 2621 ante

189 2639 326 2705 dominum,
343 2640 431 2694 relicta
446 2641 555 2696 fortunae
573 2661 625 2697 suae
643 2643 710 2710 sede,
726 2661 771 2713 per
786 2643 914 2712 populum,
931 2659 975 2712 per
