2086 3026
174 126 221 176 100
508 126 630 177 ΤΔΟΙΤΙ

804 191 840 239 [s
850 190 878 230 u.
888 191 911 230 c.
919 191 964 232 sae

152 236 278 294 ttinsnds
292 239 354 293 crat.
390 236 527 308 Ingressus
543 241 629 296 carme
645 237 855 310 Mucianusque
871 240 970 296 rectius

173 316 300 387 stipendia
321 315 479 388 singultorum
501 319 638 387 spectaret,
663 316 717 372 suis
740 334 799 372 oum
822 316 969 388 insignibus

172 391 970 540 mmfflffimm

553 507 561 536 l

172 544 295 600 ditionem
309 547 426 615 acceptos
443 545 644 610 memoravimus,
663 545 801 615 caetenque
818 561 864 615 per
878 545 971 602 urbem

172 624 199 675 et
222 619 280 675 urbi
302 619 386 676 vicina
413 620 550 691 conquisiti
572 619 748 691 producuntur
770 638 850 690 prope
870 620 971 676 intecto

150 698 284 766 ncorpore.
320 696 373 751 an
393 696 530 752 Mucianum
550 695 643 762 (fiduci,
664 699 691 752 et
710 696 890 752 Germanicum
912 697 970 754 Bri-
1020 715 1021 720 ¹

171 771 352 842 taurinumque
374 771 538 837 militemus
560 773 583 828 si
606 772 652 844 qui
671 772 778 828 eliorum
801 773 972 841 exercituum,

172 847 308 918 seperatim
322 847 453 914 edsisterc,
466 848 548 920 jubet.
584 849 647 904 Illos
663 849 761 920 primus
778 849 868 904 statim
881 867 972 920 sepec-

172 927 216 979 tns
232 923 452 995 obstupuissent:
471 942 529 981 cum
547 943 580 982 ex
597 925 697 981 diverso
713 924 785 980 velut
801 925 892 990 eciem,
908 926 971 982 telis

172 1004 200 1057 et
223 1001 300 1057 armis
324 1005 431 1067 trucem,
453 1005 534 1058 semet
557 1001 657 1058 clausos
680 1001 813 1072 nudosque
833 1004 861 1058 et
881 1002 972 1058 issuvie

151 1075 306 1144 *delon-mes,
335 1077 484 1149 aspicerent.
532 1079 571 1134 Ut
601 1095 661 1134 vero
690 1078 741 1133 huo
769 1077 830 1134 illuc
859 1077 972 1136 distrahi

172 1173 278 1227 crepere,
291 1157 375 1210 metus
386 1171 432 1225 par
443 1171 530 1210 omncs
541 1158 569 1210 et
580 1154 709 1226 precipua
721 1153 865 1210 Germanioi
877 1155 970 1212 miuus

173 1231 289 1297 formido,
302 1236 424 1302 tanquam
435 1247 466 1286 ea
477 1231 636 1302 separatione
651 1230 685 1286 ad
702 1229 797 1286 cadem
809 1230 971 1288 decimaren-

173 1310 232 1363 tur:
261 1325 381 1378 prensare
404 1306 654 1378 commanipularium
682 1309 793 1378 pectora,
825 1307 970 1364 cervicibus

173 1383 277 1449 innecti,
300 1401 420 1454 suprema
439 1383 527 1440 oscula
545 1386 640 1454 petere,
660 1401 693 1440 ne
710 1381 892 1438 desererentur
910 1384 968 1450 soli,

173 1476 231 1524 neu,
255 1459 283 1514 in
305 1459 361 1529 pari
384 1477 467 1526 causa,
493 1459 619 1531 disparem
641 1459 770 1516 fortunam
797 1462 968 1530 peterenturr

173 1533 249 1590 modo
277 1534 436 1600 Mucianum,
460 1536 536 1592 modo
565 1535 697 1592 abmntem
725 1534 878 1606 Principem,
910 1554 970 1607 pos·

173 1612 283 1665 tremum
303 1609 391 1664 mum
412 1628 442 1667 se
460 1611 531 1668 Deos
549 1612 690 1668 obtestari:
714 1611 796 1668 donec
818 1611 968 1679 Mucianus,

173 1689 279 1742 cunctos
291 1686 406 1757 ejusdem
421 1690 580 1756 sacramenti,
593 1689 707 1762 ejusdem
722 1689 891 1760 Imperatoris
903 1691 969 1748 mili·

152 1765 214 1819 ete·
237 1762 372 1834 appellans,
393 1763 458 1820 ielsc
476 1765 563 1823 timori
583 1766 684 1822 obviarn
701 1766 759 1822 irat.
795 1765 917 1838 Namque
940 1770 969 1823 et

172 1839 393 1896 vietorcxercitns
402 1841 510 1898 olsmora
519 1842 634 1899 lacrimas
643 1841 850 1914 eornmjuvabat.
887 1843 968 1914 Isque

173 1916 230 1976 iuis
245 1916 289 1974 illa
303 1916 352 1973 dic.
387 1917 480 1974 Paucis
495 1923 555 1989 post
572 1918 669 1984 diebus,
686 1918 856 1989 alloquentem
875 1918 968 1975 Domi-

174 1995 271 2052 tianum
283 1995 377 2051 firmati
384 1998 439 2065 jam
450 2012 579 2066 excepere.
616 1996 745 2066 Spernunt
759 1995 859 2052 oblatos
870 2013 966 2067 agros:

174 2073 290 2130 militiam
304 2075 331 2129 et
347 2071 474 2143 stipendis
489 2075 571 2127 orant.
606 2071 699 2128 Preces
715 2074 796 2137 eraut,
810 2071 856 2127 sed
871 2072 967 2143 quihus

150 2145 315 2207 ⁶coutrsrlici
334 2167 387 2206 nou
406 2151 501 2220 possm.
536 2147 623 2218 Igitur
642 2149 670 2204 in
687 2148 839 2206 Pretorium
857 2149 966 2220 accepti.

173 2226 248 2293 Dein,
273 2227 365 2298 quibus
388 2229 451 2282 stas
474 2227 501 2280 et
521 2223 593 2296 justa
620 2225 754 2297 stipendia,
779 2225 877 2282 dimissi
907 2244 969 2284 cum

174 2300 277 2367 honore,
296 2302 386 2359 uliiob
402 2302 518 2374 culpam3
537 2301 581 2358 sed
598 2302 707 2373 carptim
724 2320 755 2359 ao
778 2301 968 2374 singulisque

173 2376 304 2432 tutismmo
321 2379 432 2434 remedio
453 2395 591 2434 consensus
610 2378 781 2434 multitudiuis
800 2382 967 2436 extenuatur.

127 2446 166 2506 47
176 2450 302 2504 Ceterum
318 2469 410 2506 verane
427 2454 556 2522 pauperie,
570 2472 603 2508 au
617 2455 658 2510 uti
675 2454 814 2519 videretur,
832 2461 923 2512 sctum
939 2455 968 2512 in

174 2523 278 2607 Senon,
301 2527 332 2576 nt
352 2527 496 2580 sexcenties
516 2530 662 2584 sestertium
682 2549 699 2584 a
718 2530 823 2600 privetis
843 2535 968 2588 mutuum

174 2597 338 2662 temperatur.
374 2597 580 2670 Prspositusqne
589 2603 613 2658 ei
624 2621 693 2660 eure
701 2606 826 2675 Poppaeus
836 2606 966 2664 Silvanus.

174 2666 233 2722 Nec
242 2668 324 2724 multo
335 2673 395 2738 post
411 2673 550 2731 securitas
567 2677 638 2743 abiit,
650 2679 706 2736 sive
721 2681 815 2738 omissa
824 2681 965 2742 sinulatio.
