2070 3204
83 420 110 458 Δ.
121 419 146 458 D.
165 419 206 470 aa]
273 359 527 408 HlsTORIARUM
546 360 566 407 1.
584 361 687 408 31-35.
846 357 876 407 19

83 469 174 523 ceteris
195 469 335 535 videbatur,
362 475 497 542 antequam
518 473 643 526 cresceret
663 469 772 524 invalida
792 467 875 524 adhuc

82 545 224 616 conjuratio
244 565 389 618 paucorum.
424 547 619 618 'lhepidatnrum
641 547 718 601 etiam
739 547 896 612 Othonem,2

82 622 127 692 qui
148 622 236 677 furtim
261 623 396 695 digressus,
418 625 448 678 ad
473 625 574 696 ignaros
598 624 692 689 illatus
714 625 875 678 cunctatione

81 717 151 753 nunc
170 703 197 754 et
218 701 327 771 segnitia
345 703 482 756 terentium
501 706 603 772 tempus
622 700 717 754 imitari
737 700 876 770 principem

82 775 171 830 discat.
209 777 482 848 Nonexspectandnm,
494 784 525 832 ut
537 778 683 848 compositis
693 777 783 832 castris
792 777 899 830 forumt

81 851 185 906 invadat
198 863 224 907 et
236 859 415 924 prospectante
436 853 517 908 Galba
538 854 692 924 Capitolium
714 853 795 920 adeat,
816 853 877 906 dum

82 930 202 1000 egregius
213 929 351 1000 imperator
363 949 420 986 cinn
433 931 543 984 fortibus
557 930 643 984 amicis
654 930 732 1001 janua
747 947 776 984 ae
791 930 877 984 limine

81 1005 267 1061 tenusdcmunr
276 1007 363 1061 cludit.
400 1007 565 1061 Obsidionem
574 1006 691 1060 nimirum
705 1006 858 1060 toleraturos
869 1008 900 1060 :4

82 1086 110 1136 et
129 1083 277 1151 praeclarum
299 1084 326 1137 in
347 1084 426 1138 servis
449 1084 578 1148 auxilium,
598 1083 621 1137 si
641 1101 779 1137 consensus
798 1086 878 1137 tantae

83 1157 262 1222 multitudinis,
279 1165 313 1224 et,
334 1179 389 1230 quaa
405 1160 542 1230 plurimum
556 1159 631 1224 valet,
650 1159 731 1230 prima
737 1159 878 1229 indignatio

83 1235 254 1306 elanguescat.
291 1236 402 1290 Proinde
414 1237 500 1290 intuta
512 1255 568 1307 quaa
579 1235 705 1290 indecora.
742 1235 899 1290 vesica-⁵

82 1312 144 1366 dere
164 1330 267 1366 necesse
290 1312 332 1377 sit,
353 1313 536 1367 occurrendum
557 1311 711 1366 discrimini:
736 1311 763 1365 id
782 1311 879 1365 Othoni

82 1387 231 1443 invidiosius
243 1393 270 1442 et
286 1389 347 1458 ipsis
360 1389 502 1444 honestum.
539 1389 736 1458 Repugnantem
753 1387 812 1442 huic
824 1390 900 1442 sen-6

82 1464 172 1520 tentiae
188 1465 288 1519 Vinium
301 1466 371 1520 Laco
385 1466 518 1520 minaciter
533 1465 634 1529 invasit,
649 1463 795 1518 stimulante
808 1464 878 1518 Icelo

81 1541 178 1612 privati
187 1541 238 1595 odii
246 1542 384 1612 pertinacia
392 1541 556 1612 inpublicum
566 1541 679 1596 exitium.
716 1542 773 1596 Nec
782 1541 878 1596 diutins
887 1537 925 1590 34

84 1617 166 1672 Galba
178 1621 312 1672 cunctatus
325 1619 477 1688 speciosiora
486 1617 651 1672 suadentibus
661 1619 774 1673 accessit.
813 1619 879 1672 Prae-

83 1695 177 1749 missus
190 1698 275 1750 tamen
287 1695 314 1750 in
327 1699 411 1750 castra
426 1695 487 1750 Piso
499 1699 529 1748 ut
539 1695 641 1766 juvenis
660 1713 751 1766 magno
769 1695 878 1760 nomine,

83 1771 182 1826 receuti
194 1771 289 1836 favore,
298 1775 324 1826 et
333 1771 448 1826 infensus
461 1772 520 1826 Tito
534 1771 617 1836 Vinio,
629 1789 675 1825 seu
687 1772 746 1842 quia
758 1775 821 1834 erat,
834 1789 881 1826 seu

85 1847 146 1917 quia
168 1847 225 1902 irati
245 1848 283 1902 ita
300 1847 436 1911 volebant;
464 1851 490 1902 et
508 1847 607 1902 facilius
626 1848 657 1902 de
675 1847 733 1902 odio
759 1847 879 1902 creditur.

85 1923 199 1979 Vixdum
223 1943 325 1996 egresso
347 1925 440 1979 Pisone
461 1925 572 1980 occisum
590 1925 618 1978 in
638 1925 728 1980 castris
752 1925 881 1979 Othonem
929 1925 936 1936 '

85 2021 167 2073 vagus
183 2003 300 2072 primum,
319 2006 345 2057 et
361 2003 474 2058 incertus
487 2021 589 2057 rumor:
612 2021 678 2067 mcx,
692 2006 722 2056 ut
739 2003 766 2056 in
782 2003 881 2074 magnis

84 2078 230 2144 mendaciis,
243 2079 390 2134 interfuisse
403 2097 430 2134 se
443 2079 545 2149 quidam
562 2083 589 2133 et
606 2079 700 2134 vidisse
717 2079 880 2144 affirmabant,

85 2155 189 2210 credide
211 2156 280 2210 fama
302 2157 370 2210 inter
394 2155 534 2226 gaudentes
559 2159 586 2210 et
610 2156 758 2210 incuriosos.
802 2155 904 2210 Multis

85 2231 276 2286 arbitrabantur
293 2232 461 2301 compositum
479 2235 633 2301 auctumque
650 2249 777 2286 rumorem
795 2233 882 2285 mixtis

82 2301 136 2372 jam
155 2300 313 2364 Othonianis,
330 2301 374 2370 qui
395 2300 427 2354 ad
446 2299 602 2354 evocandum
619 2301 724 2354 Galbam
742 2300 802 2354 laeta
819 2301 883 2354 ialso

84 2377 254 2447 vulgaverint.
291 2377 356 2430 Tum
369 2393 429 2430 vero
440 2375 717 2446 nonpopulustantum
729 2379 755 2428 et
767 2375 884 2446 imperita
892 2377 928 2432 35

85 2453 157 2521 plebs
170 2452 197 2506 in
208 2452 313 2522 plausus
325 2456 352 2506 et
363 2451 498 2506 immodica
512 2450 604 2515 studia,
620 2451 665 2505 sed
682 2451 797 2520 equitum
809 2451 884 2522 pleri·

85 2548 136 2599 que
149 2547 178 2584 ae
190 2533 344 2592 senatorum,
357 2527 443 2598 posito
459 2531 531 2581 metu
546 2527 650 2592 incauti,
663 2527 780 2582 refractis
792 2527 885 2583 Palatii

85 2605 184 2660 foribus
203 2624 277 2660 ruere
292 2606 362 2660 intus
381 2622 411 2659 ac
429 2623 456 2658 se
476 2604 561 2659 Galbae
580 2609 717 2670 ostentare,
734 2609 885 2676 praereptam

86 2681 137 2736 sibi
143 2681 266 2735 ultionem
274 2685 417 2751 querentes.
443 2680 626 2752 Ignavissimus
636 2681 752 2752 quisque,
763 2685 835 2747 etot
843 2683 907 2735 res2

87 2759 183 2822 docuit,
202 2759 229 2812 in
246 2758 359 2828 periculo
377 2776 428 2812 non
449 2777 565 2824 ausurus,
587 2759 659 2813 nimii
680 2759 772 2826 verbis,
792 2759 885 2828 linguae

87 2835 202 2899 feroces3
220 2853 295 2888 nemo
314 2835 386 2898 scire,
405 2841 432 2888 at
449 2853 536 2889 omnes
555 2835 684 2899 affirmare,
703 2834 783 2888 donec
801 2833 886 2902 inopia

87 2911 151 2976 ueri,
171 2919 198 2965 et
222 2927 350 2966 consensu
374 2912 514 2965 errantium
538 2911 631 2975 victus,
656 2913 759 2978 sumpto
783 2909 886 2962 thorace
