2070 3204
173 197 188 242 6
506 195 627 246 raom
804 256 837 303 [Δ.
849 253 875 294 Π.
885 255 905 294 c.
917 251 963 295 m·

148 305 252 362 ofilius:
271 305 298 361 id
309 305 372 361 satis
383 306 524 362 videbatur.
561 307 593 360 ln
609 304 757 360 Britannico
773 305 887 358 exercitu
898 305 964 359 nihil

169 383 278 438 narum:
298 401 350 439 non
373 401 433 438 sane
456 385 511 439 alise
535 383 646 454 legiones
670 399 715 452 per
738 399 825 435 omnes
849 380 963 436 civilium

170 457 293 514 bellorum
310 465 396 514 motus
414 459 573 515 innocentius
592 462 707 530 egerunt,
726 475 771 512 seu
796 457 855 528 quia
873 457 962 528 procul

170 538 197 589 et
221 536 322 590 Oceano
347 536 440 601 divisse,
466 555 512 592 scu
535 535 629 590 crebris
654 533 857 605 expeditionibus
878 532 961 588 doctas

146 609 270 665 4111111111
294 611 379 682 potius
403 612 494 667 odisse.
532 612 608 677 Quies
633 614 659 666 et
681 611 791 681 Illyrico,
814 627 961 680 quanquam

170 687 259 741 excita
277 706 293 742 a
310 688 413 742 Nerone
430 688 550 759 legiones,
570 687 631 742 dum
648 687 676 741 in
699 686 776 740 Italia
798 689 960 754 cunctantur,

146 762 319 834 5Verginium
337 763 507 834 legationibus
531 763 652 818 adissent.
691 761 741 816 Sed
763 762 845 832 longis
870 762 960 832 spatiis

169 837 272 894 discreti
285 840 418 904 exercitus,
432 839 500 910 quod
517 839 708 895 saluberrimum
726 841 765 892 est
782 837 814 892 ad
829 838 960 893 continen-

169 913 226 968 dam
239 916 372 970 militarem
384 915 466 983 fidem,
478 935 525 972 nec
536 916 605 972 vitiis
614 934 661 970 nec
673 913 769 970 viribus
778 914 958 971 miscebantur.

125 991 160 1042 10
169 991 260 1046 Oriens
279 992 361 1046 adhuc
379 993 506 1048 immotus.
544 993 642 1064 Syriam
662 995 689 1046 et
713 995 822 1062 quatuor
845 990 959 1062 legiones

168 1067 298 1124 obtinebat
313 1069 428 1124 Licinius
443 1069 587 1134 Mucianus,
606 1069 645 1124 vir
661 1067 779 1123 secundis
794 1066 959 1138 adversisque

143 1144 239 1215 2juxta
256 1145 375 1201 famosus.
412 1147 530 1218 insignes
555 1145 678 1200 amicitias
700 1143 801 1214 juvenis
825 1142 958 1200 ambitiose

167 1221 278 1277 coluerat
288 1246 295 1288 ;
314 1242 373 1277 mox
391 1223 486 1277 attritis
504 1223 602 1294 opibus,
621 1220 716 1276 lubrico
735 1224 813 1286 statu,
838 1225 959 1291 suspecta

166 1298 243 1350 etiam
262 1298 361 1352 Claudii
378 1298 514 1364 1111111111,
540 1300 567 1353 in
590 1305 716 1353 secretum
739 1298 808 1352 Asia
828 1297 957 1368 repositus

166 1373 219 1426 tam
243 1391 321 1443 prope
345 1373 377 1428 ab
401 1374 474 1428 exule
505 1375 555 1429 fuit
579 1393 655 1446 quam
683 1377 773 1444 postea
796 1391 811 1427 a
834 1373 957 1444 principe.

142 1447 287 1513 3Laxuria,
307 1449 439 1516 industria,
459 1451 586 1516 comitate,
605 1451 756 1520 arrogantis,
776 1449 848 1504 malis
871 1449 956 1506 bonis-

165 1543 214 1594 que
229 1525 326 1580 artibus
343 1527 446 1581 mixtus.
483 1527 577 1582 Nimia
592 1526 744 1596 voluptates,
760 1543 818 1580 cum
834 1531 953 1582 vacaret:

139 1605 155 1650 4
165 1601 282 1670 quotiens
295 1601 448 1672 expedierat,
462 1621 560 1675 magnae
571 1603 688 1658 virtutes.
725 1603 813 1656 Palam
821 1602 953 1658 laudares:

163 1681 261 1730 secreta
284 1677 348 1732 male
372 1679 515 1735 audiebant.
560 1679 610 1734 Sed
634 1677 701 1749 apud
725 1678 860 1749 subjectos,
885 1679 955 1749 apud

162 1753 297 1822 proximos,
312 1753 380 1824 apud
391 1755 500 1826 collegas
512 1755 588 1810 variis
604 1754 728 1809 illecebris
745 1759 837 1825 potens
845 1777 853 1821 ;
872 1759 898 1809 et
911 1757 955 1812 cui

138 1828 303 1898 impeditius
312 1829 390 1884 fuerit
399 1831 500 1886 tradere
509 1831 642 1902 imperium
650 1848 725 1901 quam
734 1830 856 1886 obtinere.
892 1830 953 1886 Bel-

158 1905 211 1960 lum
228 1907 362 1962 Judaicum
379 1908 481 1963 Flavius
499 1908 672 1980 Vespasianus
689 1907 790 1978 (ducem
806 1927 865 1964 eum
880 1909 951 1964 Nero

137 1981 308 2054 6delegerat‚)
322 1984 405 2039 tribus
419 1985 561 2056 legionibus
579 1983 779 2040 administrabat.
816 1986 874 2040 Nec
885 1985 952 2039 Ves-

158 2060 261 2128 pasiano
280 2060 401 2116 adversus
420 2062 526 2117 Galbam
544 2064 634 2117 votum
653 2065 697 2116 aut
722 2063 837 2116 animos:
857 2061 952 2132 quippe

157 2137 244 2193 'litum
256 2138 336 2193 filium
353 2138 385 2194 ad
400 2140 591 2195 venerationem
607 2139 755 2209 cultumque
768 2140 824 2209 ejus
836 2139 949 2203 miserat,

135 2217 187 2270 711
211 2233 257 2270 suo
280 2216 336 2272 loco
356 2217 559 2273 memorabimus.
596 2217 705 2271 Occulta
725 2215 773 2268 fati
793 2217 820 2268 et
841 2215 951 2269 ostentis

157 2306 187 2342 ac
198 2292 325 2360 responsis
338 2292 495 2346 destinatum
506 2293 665 2362 Vespasiano
682 2290 818 2357 liberisque
836 2287 892 2358 ejus
903 2287 951 2344 im·

113 2363 146 2416 11
156 2364 256 2435 perium
273 2369 332 2434 post
349 2367 479 2420 fortunam
497 2367 657 2422 credidimus.
694 2365 836 2434 egyptum
854 2365 949 2434 copias-

156 2457 213 2510 que,
240 2439 331 2510 quibus
356 2445 522 2506 coerceretur,
545 2443 599 2512 jam
622 2439 682 2494 inde
706 2457 721 2492 a
745 2438 802 2494 divo
828 2440 948 2512 Augusto
1019 2481 1024 2490 ·

156 2514 256 2586 equites
280 2515 391 2570 Romani
415 2515 532 2573 obtinent
552 2517 608 2571 loco
626 2534 731 2587 regum:
750 2515 948 2574 1111111111-
1029 2571 1030 2590 ,

156 2590 251 2662 pedire,
270 2591 425 2662 provinciam
443 2593 515 2649 aditu
532 2593 664 2659 difficilem,
683 2610 787 2648 annonae
803 2593 946 2658 fecundam,
1029 2591 1030 2636 l

154 2667 335 2738 superstitione
347 2687 376 2724 ac
388 2669 490 2725 lascivia
506 2669 648 2725 discordem
665 2672 691 2724 et
703 2669 829 2739 mobilem,
840 2671 946 2725 insciam

131 2742 247 2814 2legum,
259 2744 374 2816 ignaram
382 2745 586 2818 magistratuum,
598 2746 666 2803 dorni
674 2746 791 2804 retinere.
828 2745 946 2819 Itegebat
