2070 3204
134 111 164 157 28
464 107 583 158 Tuom

164 169 168 174 ·
765 169 931 222 [ancara.

112 219 271 278 adeseivisse
294 217 448 276 crederetur.
485 221 551 275 Tum
569 223 634 278 duos
651 221 765 278 omnium
784 219 934 274 mortalium

133 295 293 367 impudicitia
314 294 416 365 ignavia
435 295 537 351 luxuria
557 299 707 354 deterrimos
728 297 800 353 velut
821 295 855 350 ad
874 313 934 365 per·

134 371 246 426 dandum
258 371 392 441 imperium
405 372 518 428 fataliter
529 375 625 430 electos
636 393 690 430 non
702 377 806 430 senatus
818 371 894 426 modo
906 375 935 426 et

134 467 220 519 eques,
233 457 290 518 quis
303 447 387 518 aliqua
400 466 458 518 pars
471 454 497 504 et
509 468 572 505 cura
588 452 626 507 rei
642 451 756 522 publicae,
777 448 823 505 sed
839 447 937 517 vulgus

113 537 235 596 equoque
251 524 334 595 palam
351 543 463 579 maerere.
502 527 559 582 Nec
575 529 629 600 jam
646 527 759 584 recentia
774 544 846 580 savae
862 525 935 595 pacis

135 601 258 672 exempla,
268 601 314 656 sed
325 602 435 671 repetita
444 601 567 658 bellorum
577 605 689 660 civilium
699 602 822 658 memoria
831 605 936 671 captam

135 680 231 734 totiens
254 679 309 734 suis
333 678 487 733 exercitibus
504 681 601 748 urbem,
620 682 768 736 vestitatem
785 678 877 742 Italia,
898 677 936 732 di·
1021 695 1022 728 1

136 755 264 826 reptiones
276 754 470 825 provinciarum,
485 756 642 812 Pharsaliam
657 757 791 827 Philippos
808 759 835 809 et
854 754 937 808 Peru·

137 831 200 885 siam
218 849 248 884 ae
266 830 403 898 Mutinam,
424 835 486 885 nota
509 833 667 903 publicarum
691 832 802 888 cladium
824 830 937 898 nomina,

115 905 313 976 eloquebantur.
362 907 445 978 Prope
469 927 586 964 eversum
609 909 697 964 orbem
721 910 799 964 etiam
823 925 883 962 cum
903 906 938 961 de

137 983 285 1054 principatu
309 982 376 1037 inter
400 983 479 1038 bonos
504 990 663 1052 contuetur,
690 985 735 1040 sed
756 983 880 1038 mansisse
905 982 937 1038 G.
1021 1015 1022 1024 .

137 1059 218 1128 Julio,
244 1059 368 1114 mansisse
393 1060 493 1116 Caesare
517 1064 638 1133 Augusto
662 1062 759 1118 victore
782 1059 938 1131 imperium
1021 1093 1022 1096 =

137 1155 280 1192 mansuram
294 1137 373 1192 fuisse
386 1136 433 1191 sub
446 1137 570 1208 Pompeio
587 1139 721 1209 Brutoque
735 1156 790 1192 rem
802 1136 939 1208 publicam.

115 1212 215 1268 ⁵Nunc
233 1232 279 1284 pro
298 1213 400 1267 Othone
421 1231 454 1267 an
474 1232 521 1284 pro
542 1215 648 1269 Vitellio
665 1215 692 1270 in
713 1213 809 1285 templa
832 1213 939 1267 ituros?

137 1293 261 1358 utrasque
273 1289 363 1358 impias
380 1307 476 1358 preces,
492 1294 602 1361 utraque
620 1289 771 1346 detestanda
785 1293 853 1354 vota,
869 1288 941 1342 inter

140 1367 203 1419 duos
217 1382 325 1434 quorum
336 1363 402 1418 bello
415 1365 496 1419 solum
508 1366 535 1420 id
547 1367 635 1432 scires,
654 1366 808 1422 deteriorem
824 1365 879 1420 iore
892 1365 941 1435 qui

119 1440 250 1512 evicisset.
287 1440 369 1494 Erant
382 1440 425 1510 qui
440 1441 625 1513 Vespasianum
642 1447 668 1498 et
685 1461 754 1498 arma
766 1440 879 1496 Orientis
894 1457 941 1494 au-

141 1519 302 1587 gurarentur.
334 1516 370 1571 Et
382 1521 412 1570 ut
425 1518 509 1587 potior
521 1523 631 1590 utroque
639 1519 820 1590 Vespasianus,
836 1516 874 1570 ita
885 1515 941 1570 bel·

141 1593 195 1647 lum
213 1591 282 1647 aliud
300 1596 377 1663 atque
395 1593 458 1648 alias
476 1595 559 1650 clades
578 1595 722 1651 horrebant.
766 1595 802 1650 ut
819 1592 942 1663 ambigua

142 1669 174 1724 de
186 1669 344 1740 Vespasiano
357 1670 425 1724 fama
432 1693 439 1737 ;
465 1672 584 1743 solusque
596 1673 708 1728 omnium
720 1675 780 1727 aute
795 1689 823 1726 se
840 1669 937 1741 prinoi-

141 1764 203 1817 pum
216 1746 243 1800 in
254 1745 344 1800 melius
356 1751 471 1802 mutatus
483 1753 531 1804 est.

97 1826 133 1879 51
177 1822 256 1878 Nunc
279 1823 353 1877 initia
376 1842 517 1896 causasque
538 1828 623 1880 motus
642 1824 775 1880 Vitelliani
798 1821 941 1894 expediam.

143 1899 216 1954 Caeso
233 1917 291 1955 oum
309 1900 427 1955 omnibus
444 1903 524 1972 copiis
542 1902 560 1956 J
561 1901 612 1956 ulio
628 1901 745 1965 Vindice,
765 1900 837 1954 ieron
853 1897 943 1969 preda

144 1976 275 2049 gloriaque
287 1977 422 2043 exercitus,
435 1981 466 2032 ut
478 1979 520 2033 cui
535 1979 589 2033 sine
601 1977 687 2033 labore
698 1995 730 2032 ao
741 1976 854 2048 periculo
866 1974 942 2028 ditis-

144 2054 202 2110 simi
225 2053 286 2110 belli
309 2054 417 2110 victoria
435 2055 570 2119 evenisset,
596 2053 783 2126 expeditionem
803 2057 830 2107 et
851 2051 940 2116 aciem,

121 2129 247 2202 2proemia
259 2151 334 2203 quarn
347 2132 474 2203 stipendia
489 2131 608 2186 malebat.
644 2131 700 2186 Diu
714 2130 897 2185 iuinrctuosam
913 2132 942 2182 et

144 2225 259 2276 asperam
280 2208 395 2262 militiam
418 2208 589 2262 toleraverant
609 2207 712 2278 ingenio
730 2206 779 2261 loci
795 2204 899 2274 celique
913 2207 942 2258 et

146 2277 282 2329 severitate
300 2276 447 2345 disciplinae,
466 2295 543 2346 quam
560 2277 588 2330 in
604 2295 667 2347 pace
684 2275 866 2330 inexorabilem
890 2271 942 2326 dis-

146 2350 238 2406 cordiae
250 2351 345 2403 civium
358 2351 498 2415 resolvunt,
511 2353 606 2420 paratis
618 2353 739 2424 utrinque
749 2348 942 2421 corruptoribus

123 2434 173 2485 set
185 2423 291 2496 perfidia
302 2425 435 2495 impunita.
471 2427 536 2490 Viri,
556 2445 634 2487 arms.
649 2428 709 2498 equi
725 2427 757 2482 ad
774 2445 850 2482 usum
866 2429 893 2480 et
909 2425 944 2480 ad

147 2502 225 2557 decus
243 2504 399 2571 supereraut.
437 2501 488 2556 Sed
505 2507 565 2557 autc
582 2503 678 2558 bellum
694 2503 823 2558 centurias
839 2505 943 2556 tanturn

145 2596 205 2633 suas
217 2582 366 2646 turmasque
384 2585 525 2641 noversnt;
543 2579 671 2632 exercitus
688 2579 783 2632 finibus
802 2577 944 2648 provincia-

123 2667 204 2712 4rum
227 2651 441 2708 discernebantur.
486 2653 553 2707 Tum
577 2652 697 2708 adversus
722 2653 857 2709 Vindicem
883 2670 944 2711 uou-
