2096 3038
184 153 230 202 110
517 151 637 202 raom

183 263 216 319 ad
240 259 407 320 invadendam
430 261 533 320 ltaliam
555 265 671 336 rapienti,
697 282 782 320 comes
806 207 974 320 itdtulcrdirsi

187 341 276 406 Varus,
292 345 411 396 strenuus
425 340 508 407 bello;
533 360 608 412 quam
626 342 776 412 gloriamet
764 340 846 396 tduu
861 341 974 396 Corbulo

162 423 210 476 2et
222 437 348 489 prosperae
359 418 386 472 in
402 384 522 472 Armenia
533 437 574 473 res
587 418 743 473 addiderant.
778 417 852 472 ldem
864 417 969 472 seeretis

184 494 251 564 apud
263 495 391 548 Neronem
400 493 556 549 sermonibus
565 495 694 550 ferebatur
703 493 854 548 Corbulonis
864 494 974 548 virtutes

184 571 346 635 crirninatus;
365 569 440 638 unde,
456 570 543 624 infami
557 571 759 642 gratiaprimum
775 570 856 640 pilum
874 569 974 640 adepte,

184 647 243 701 laeta
254 645 286 699 ad
297 665 407 716 praesens
423 645 487 701 male
504 652 584 718 parta,
603 665 663 702 mox
675 648 702 702 in
714 647 851 717 perniciem
863 652 974 701 vertere.

163 723 237 780 tsed
253 723 355 777 Primus
371 741 400 777 ae
415 723 507 790 Varus,
526 729 649 794 occupata
662 723 787 795 Aquileia,
799 742 845 794 per
857 723 975 793 proxima

186 817 292 870 quaeque
307 803 334 854 et
350 799 477 871 Opitergii
488 805 515 854 et
526 800 608 856 Altini
625 801 691 856 laetis
703 800 795 854 animis
807 799 975 870 accipiuntur.

185 877 315 932 Relictam
327 876 409 930 Altini
421 876 566 947 praesidinm
577 877 700 932 adversus
719 877 823 932 classem
842 876 978 930 Ravenna-

186 957 246 1018 tem,
254 952 366 1007 nondum
378 953 518 1008 delectione
530 953 586 1024 ejus
598 953 692 1008 andita.
729 952 793 1008 Inde
801 952 936 1007 Patavium
948 954 979 1006 ct

164 1031 277 1085 adteste
293 1029 407 1100 partibus
424 1029 569 1100 adjunxere.
605 1029 662 1084 Illic
680 1029 812 1100 cognitum
829 1031 882 1082 tres
894 1027 977 1081 Vitel-

187 1106 265 1161 lianas
289 1106 405 1160 cohortes
429 1109 455 1160 et
484 1105 557 1169 alam,
582 1105 624 1160 eui
648 1105 795 1160 Sebonianae
817 1121 919 1168 nomen,
944 1102 979 1158 ad

166 1183 281 1240 odorum
294 1182 379 1237 Alieni
390 1185 467 1252 ponte
477 1181 567 1253 juncto
575 1181 726 1237 consedisse.
763 1181 864 1236 Placuit
876 1179 978 1234 occasio

188 1257 322 1314 invadendi
345 1258 500 1312 incuriosos:
535 1275 593 1312 narn
622 1257 649 1312 id
672 1275 773 1328 quoque
802 1255 978 1312 nuntiabatur.

188 1335 259 1390 Luce
271 1335 366 1422 prima
362 1333 471 1389 inermos
479 1334 616 1465 plerostque
630 1351 785 1406 oppressere.
822 1333 979 1388 Praedietum

188 1411 335 1481 utpaueis
358 1411 397 1465 int
385 1411 499 1465 terfectis
524 1416 571 1466 coet
572 1430 629 1466 eros
652 1429 745 1501 pavere
775 1409 808 1465 ad
830 1413 886 1464 mut
874 1407 979 1464 tandem

166 1487 265 1547 ofidem
288 1491 414 1555 angerent.
462 1487 498 1541 Et
521 1488 592 1542 inere
616 1489 660 1560 qni
684 1505 711 1543 sc
736 1488 796 1543 stat'
789 1505 824 1542 rm
848 1486 980 1542 dederent·

189 1563 289 1630 Plures,
301 1563 392 1693 abrnpt
390 1581 409 1617 o
421 1571 505 1634 ponte,
517 1564 624 1619 instanti
642 1565 751 1620 hosti
726 1583 794 1621 mam
808 1563 979 1618 abstulerunt.

167 1638 344 1710 7Vulgata'
320 1644 372 1694 vret
373 1640 432 1704 oria,
452 1644 509 1710 post
531 1639 653 1712 principia
676 1641 736 1697 belli
759 1639 898 1696 secundum
920 1635 981 1692 nla-

190 1717 277 1772 vianos
295 1715 351 1771 dum
367 1716 486 1788 legiones,
507 1718 615 1788 septima
634 1719 763 1784 Galbiana,
784 1718 863 1773 tertia
883 1716 982 1771 decima

191 1793 304 1861 Gemina,
328 1811 386 1847 cum
410 1793 491 1848 Vedio
514 1795 609 1865 Aquila
626 1795 711 1867 legato
730 1795 864 1850 Patavium
884 1793 981 1848 alacres

169 1871 303 1932 eveniunt.
339 1870 381 1926 Ibi
396 1872 471 1942 pauci
489 1871 542 1926 dies
560 1871 592 1926 ad
606 1873 719 1944 requiem
735 1871 838 1944 sumpti,
852 1877 879 1926 et
891 1870 981 1925 Minu-

167 1947 169 1952 '
191 1950 245 2004 cius
257 1948 275 2002 J
276 1951 349 2003 ustu
361 1949 496 2019 praefectus
514 1954 656 2004 castrorum
667 1949 773 2020 legionis
786 1945 908 2019 septima,
921 1947 982 2018 qnia

191 2025 325 2081 adductius
355 2043 430 2097 quam
459 2025 527 2080 civili
549 2025 615 2080 bello
638 2023 808 2096 imperitabat,
833 2024 981 2079 subtractus

169 2103 301 2160 amilitnm
319 2102 363 2158 irae
381 2102 413 2156 ad
430 2101 615 2173 Vespasianum
633 2101 725 2157 missus
745 2105 793 2156 est.
829 2099 982 2156 Desiderate

191 2180 236 2234 din
256 2201 297 2236 res
318 2179 527 2250 interpretatione
550 2178 680 2249 gloriaque
700 2181 727 2232 in
745 2177 827 2248 majus
848 2177 981 2247 accipitur,

191 2261 326 2327 postquam
351 2255 436 2310 Galba
460 2255 582 2326 imagines
606 2253 731 2310 discordia
753 2257 898 2324 temporum
922 2252 982 2308 sub·
1037 2309 1038 2334 ,

191 2349 277 2386 versas
298 2333 325 2384 in
344 2331 459 2386 omnibus
479 2331 622 2402 municipiis
646 2330 722 2386 recoli
743 2330 821 2401 jussit
844 2329 982 2397 Antonius,

111 2477 115 2485 Ι
192 2404 311 2460 decorum
322 2423 369 2474 pro
385 2423 461 2460 causa
478 2404 591 2474 ratus,'si
607 2407 706 2478 placere
722 2406 806 2461 Galba
824 2406 983 2477 principatus

168 2487 219 2544 8et
242 2485 327 2550 partes
351 2481 502 2536 revirescere
533 2485 705 2538 crederentur.
754 2482 900 2542 Quaesitum
923 2481 984 2537 inda

192 2575 248 2626 qum
260 2556 332 2610 sedes
345 2553 410 2610 bello
422 2556 556 2644 legeretur.
593 2559 757 2613 Veronat
711 2563 757 2630 pot
758 2559 796 2613 ior
813 2559 875 2624 visa,
893 2562 986 2630 paten-

191 2630 302 2685 tibus
280 2649 374 2686 arreum
390 2632 484 2701 campis
500 2633 532 2687 ad
550 2652 661 2722 pugnam
677 2640 829 2706 equestrem,
847 2653 899 2705 qua
918 2651 986 2705 prae-

192 2705 323 2764 valebant·
337 2705 413 2762 simul
420 2707 543 2764 coloniam
551 2710 629 2780 copiis
641 2711 749 2768 validam
760 2711 859 2767 anferre
867 2709 985 2782 Vitellio,
