2096 3038
159 152 205 202 112
500 149 620 200 usum

788 212 822 260 [a
833 212 860 252 u.
870 213 892 252 a.
902 213 946 254 sss

157 277 284 336 quaquam
295 260 440 318 Vitellianis
451 275 533 333 pares,
547 262 652 334 (quippe
668 263 723 316 tres
739 212 822 316 sdlrue
833 261 948 334 legiones

157 341 251 410 arant)
264 339 333 396 mmit
351 339 471 410 epistolas
487 340 593 404 Casina,
606 339 775 394 tenuitatem
792 338 862 394 vieta
878 357 948 394 arma

158 416 353 474 muntium
345 433 473 472 meusans.
510 416 591 471 Simul
609 415 692 470 uirtus
713 415 856 471 &mamni
876 434 949 472 exer·

159 496 227 551 uitus
245 493 362 549 laudibus
380 492 551 558 attollebatur,
569 492 668 548 Vitellii
684 491 783 546 modies
802 495 829 546 et
849 492 948 564 vulgari

160 570 296 635 mentione,
326 569 397 624 nulla
424 570 452 624 iu
475 569 659 640 Vespasianum
688 569 854 646 eontumelia:
884 569 948 624 nihil

159 665 263 718 prorsus
287 646 355 717 quod
378 650 423 700 aut
447 650 620 718 eormrmperet
640 646 740 700 hostem
763 650 808 700 aut
830 649 946 701 temnet.

138 723 336 778 6Flaviauarum
347 723 457 793 partium
470 722 555 788 duoes,
568 723 662 777 omissa
673 722 763 793 prioris
779 723 888 778 fomente
904 722 948 778 de·

159 801 281 865 tensione,
294 817 340 870 pro
352 799 509 871 Vespasiano
520 799 660 871 magnifiee,
679 817 725 870 pro
741 817 819 855 causa
833 799 947 867 tidenter,

159 878 192 933 de
203 877 317 932 exercitu
329 876 419 942 securi,
429 877 457 930 in
468 877 601 932 Vitellium
612 880 643 931 ut
654 876 748 932 inimici
757 895 946 948 presumpsere,

159 955 228 1009 saeta
239 952 349 1008 tribunis
360 953 601 1024 uenturiouihusque
612 952 738 1008 retinendi
756 971 812 1025 qua
827 953 947 1008 Vitellius

159 1031 306 1087 indulsisset
329 1048 382 1100 spe.
418 1031 505 1100 Atque
524 1030 608 1100 ipsum
629 1029 754 1084 Oseeinam
774 1047 824 1084 non
841 1030 948 1086 obscure

137 1109 192 1170 tad
212 1107 387 1163 transitionem
407 1105 582 1162 hortabantur.
616 1106 742 1161 Recitata
762 1123 808 1176 pro
827 1107 948 1162 eouoioue

159 1185 273 1258 epistole
284 1183 402 1238 addidere
414 1183 539 1248 lidueinm,
547 1181 617 1253 quod
624 1182 748 1238 submisse
760 1182 867 1248 Canna,
877 1182 948 1240 velut

158 1261 284 1318 offendere
293 1260 480 1330 Vespasianum
491 1260 592 1324 timens,
604 1259 718 1330 ipsonun
730 1258 807 1314 duees
819 1263 948 1330 eontemp-

157 1341 213 1404 tim,
226 1342 347 1407 tauquam
359 1336 512 1392 insultantes
524 1335 637 1403 Vitellio,
649 1335 817 1406 seripsissent.

115 1420 151 1476 10
192 1414 313 1468 Adventu
327 1411 417 1467 denda
431 1413 538 1468 druarum
554 1413 690 1484 legionum,
705 1431 720 1468 e
737 1412 829 1483 quibus
845 1413 947 1470 tertiam

157 1491 251 1547 Dillius
263 1489 419 1558 Aponianus,
432 1492 547 1544 octavam
563 1489 697 1544 Numisius
712 1489 802 1560 Lupus
814 1489 947 1558 duoebaut,

158 1570 287 1623 ostentare
307 1565 373 1619 viras
396 1569 423 1619 et
446 1565 550 1621 militari
565 1566 631 1621 rullo
647 1568 775 1622 Veronam
793 1567 948 1624 oireumdare

158 1643 261 1716 plaeuit.
298 1641 374 1696 Forte
387 1640 514 1696 Grdbiann
526 1642 620 1714 legioni
631 1643 658 1698 in
669 1643 776 1700 adversa
790 1644 874 1700 fronte
889 1644 948 1700 valli

158 1738 223 1792 epus
243 1722 361 1783 eesserat,
382 1721 410 1774 et
426 1717 475 1773 visi
491 1718 579 1790 proaul
597 1721 723 1777 semorum
739 1721 838 1792 equites
858 1739 948 1778 vanarn

137 1795 325 1863 Aiormidiuem,
343 1797 372 1849 ut
391 1794 486 1860 hostes,
507 1796 598 1851 teoere.
633 1797 780 1868 Rapiuntur
791 1815 867 1866 asma,
879 1802 906 1854 et
917 1801 948 1854 ut

158 1871 308 1944 proditionis
337 1871 376 1926 ira
403 1871 513 1926 militum
541 1871 569 1928 in
597 1873 627 1928 Τ.
651 1875 772 1944 Ampium
800 1874 949 1930 Flavianum
997 1883 1009 1902 ·

157 1949 281 2017 iueubuit,
303 1948 373 2006 nulio
396 1948 508 2004 oriminis
532 1953 689 2022 argumenta
713 1951 758 2006 sed
778 1951 831 2021 jam
851 1951 948 2023 pridem

158 2028 266 2094 invisus,
285 2025 387 2083 turbine
406 2025 515 2097 quadam
532 2025 565 2081 sd
582 2027 687 2083 exitium
706 2028 872 2098 poseebstur:
891 2047 949 2100 pro·

158 2106 282 2178 pinquum
304 2103 410 2168 Vitellii,
433 2102 589 2175 proditorem
612 2103 729 2169 Othonis,
753 2104 949 2177 interseptorem

136 2181 272 2240 adeuntivi
283 2180 454 2236 clamitabant.
472 2235 476 2242 ,
490 2180 547 2236 Nan
559 2179 699 2236 defensioni
710 2181 788 2246 loeus,
806 2199 949 2252 quanquam
981 2247 988 2260 1

158 2258 284 2329 suppliees
307 2276 396 2312 manus
419 2256 543 2322 tenderet,
568 2255 639 2312 humi
667 2257 815 2329 plerumque
843 2262 949 2324 sualua

157 2333 241 2389 lacera
259 2336 338 2398 veste„
359 2337 449 2403 peetus
469 2337 547 2404 atque
562 2351 607 2388 ora
624 2333 739 2406 singultu
756 2335 880 2405 quatiens.
917 2334 950 2390 ld
1042 2351 1043 2363 ¹

157 2409 243 2477 ipsum
263 2407 331 2477 apud
349 2408 461 2462 infensos
479 2409 672 2466 incitamentum
690 2415 755 2475 erat,
770 2415 891 2482 tauquam
911 2411 951 2466 ui-

136 2485 224 2537 smius
243 2499 322 2552 pavor
342 2483 521 2538 somniantium
542 2490 668 2556 argueret.
706 2487 866 2542 Obturbatur
885 2487 950 2544 mili-
1041 2511 1042 2539 ι

157 2561 214 2612 tum
229 2556 334 2612 renibus
346 2558 468 2628 Aponius,
481 2577 540 2614 eum
556 2561 627 2631 loqui
644 2567 786 2634 eoeptaret3
779 2564 909 2620 ·fremitu
923 2568 951 2622 et

157 2633 266 2688 more
295 2635 402 2688 eeteros
427 2639 602 2704 aspernantur.
637 2639 692 2694 Uni
720 2640 834 2695 Antomo
854 2643 951 2710 aperta

157 2708 266 2763 militum
284 2725 374 2764 aues.
392 2725 501 2780 namque
518 2714 545 2766 et
562 2712 681 2770 ineundis
700 2714 787 2772 adest
810 2715 949 2772 muleaudi·
