2086 3026
127 190 147 230 Δ
163 189 182 229 D
198 189 240 240 ω]
296 127 549 176 HISTORIARUM
565 125 610 175 IV.
627 127 731 175 20-24.
872 125 916 178 171

127 239 348 311 obstupeleeerant
359 238 485 296 obsessos.
520 239 557 294 Et
569 255 640 310 spen
656 235 859 308 oppugnantium
874 245 942 294 aut

127 315 204 387 gebat
220 315 360 387 amplitudo
376 316 443 382 valli,
460 315 536 387 qnod,
556 315 655 370 duabus
669 313 813 386 legionibus
831 313 918 380 situm,

125 393 303 524 sule
316 389 918 540 suessonense

124 550 151 602 et
169 545 235 601 bello
258 546 375 602 ministra
395 546 491 602 admat.
535 547 598 602 Pars
619 548 761 600 nostrornm
782 545 810 600 in
828 543 966 600 oobern28

123 623 215 678 leniter
238 641 386 696 exsurgens,
406 642 465 695 pars
489 642 562 694 equo
582 622 708 678 adibatur.
744 621 848 693 Quippe
868 621 918 678 illis

123 699 234 755 bibernis
246 699 357 756 obsideri
373 702 504 772 premique
521 700 668 756 Germanias
685 700 820 770 Augustus
838 697 918 754 eredi-

122 776 203 843 derat,
215 795 297 848 neque
309 795 422 848 unquam
433 777 461 833 id
475 776 598 832 malorum
610 780 641 832 ut
656 780 834 847 oppugnatum
846 775 917 832 ultro

121 853 235 925 legiones
246 858 347 909 nostras
360 854 485 908 venirent.
521 852 587 908 inde
597 871 649 906 non
665 851 721 908 loeo
733 871 815 924 neque
835 852 943 908 pruni-2

123 930 223 997 rorentis¹
239 929 311 984 labor
334 929 452 984 additus:
483 929 522 984 ris
546 938 573 983 et
596 946 667 982 arma
690 929 751 984 satia
774 928 916 998 plaeebmt

123 1004 217 1060 Batavi
239 1005 484 1076 Transrhenanique,
501 1023 552 1074 quo
569 1004 680 1060 demta
695 1004 777 1060 virtus
793 1005 914 1064 manner·

122 1080 177 1136 tius
193 1083 359 1150 speetaretur‚
378 1081 427 1136 sibi
445 1098 551 1151 queque
569 1098 632 1151 gens
650 1079 801 1144 consistunt,
818 1081 917 1138 eunium

122 1155 284 1212 laoessema
320 1157 392 1223 Post,
410 1157 453 1212 nbi
472 1156 591 1227 pleraque
608 1155 719 1211 telorum
733 1155 847 1211 turribus
863 1158 943 1226 pin-8

122 1232 213 1303 nisque
224 1233 344 1288 rnoeninm
361 1233 435 1288 irrita
451 1232 588 1298 herebant,
602 1235 629 1288 et
648 1231 757 1303 desuper
774 1231 842 1288 saxis
862 1232 917 1288 vul-

121 1308 283 1375 nerabantur,
305 1309 414 1366 obmore
440 1313 518 1380 atque
545 1309 642 1380 impetu
672 1308 787 1366 invasere
813 1307 913 1376 vallum,

120 1385 244 1456 appositis
263 1386 378 1458 plerique
400 1385 481 1457 scalis,
502 1385 544 1442 olii
562 1405 609 1457 per
628 1385 784 1442 testudinem
802 1403 914 1442 suorum.

119 1461 329 1535 scandebantque
345 1463 399 1535 jam
418 1463 527 1535 quidam,
547 1481 612 1529 enm,
629 1461 719 1534 gladiis
740 1467 766 1520 et
788 1469 941 1520 aruerunt

117 1539 224 1596 incussu
235 1540 395 1613 praeeipitati,
413 1539 519 1598 sudibus
538 1544 565 1598 et
580 1539 639 1612 pilis
656 1539 808 1606 obruuntur,
826 1540 914 1611 prete

116 1633 188 1672 rooes
200 1616 274 1673 initio
286 1622 312 1674 et
324 1618 401 1674 rebus
419 1617 537 1674 emundis
554 1616 634 1676 nimii.
672 1616 722 1672 Sed
738 1620 803 1685 tum,
821 1616 913 1688 proedae

115 1692 243 1763 cupidine,
255 1695 362 1750 advena
376 1712 478 1766 quoque
493 1695 644 1752 tolerabant.
680 1693 814 1750 Maobinss
826 1694 912 1760 etiam,

116 1769 248 1826 insolitum
264 1771 320 1836 sibi,
333 1772 396 1826 ausi.
435 1772 492 1826 Neo
506 1769 558 1828 ullo
571 1771 634 1840 ipsis
650 1769 780 1828 sollertia:
799 1769 912 1840 perfuga
927 1773 941 1820 5

115 1846 261 1915 captivique
272 1847 398 1904 docebant
409 1851 509 1903 struere
527 1847 646 1902 materias
658 1846 685 1902 in
700 1846 804 1902 modum
817 1847 911 1916 pontis,

117 1939 179 1974 mox
190 1921 311 1992 subjeetis
323 1923 387 1980 rotis
401 1923 547 1995 propellere,
558 1925 589 1978 ut
601 1921 644 1978 alii
661 1925 837 1992 superstantes
854 1925 911 1976 tsn-

118 2013 195 2066 quam
206 2014 239 2051 ex
251 2015 343 2070 aggere
354 2000 539 2070 proeliarentur,
552 2016 611 2068 pars
625 1997 696 2054 intus
712 1996 807 2052 ooeulti
823 2015 910 2054 muros

116 2072 277 2128 subruerent.
326 2075 376 2130 Sed
399 2092 507 2132 exoessa
529 2073 637 2130 ballistis
658 2090 720 2128 saus
739 2075 852 2128 stravere
872 2073 938 2128 in-tt

115 2149 199 2204 forme
219 2167 292 2220 opus.
328 2151 364 2206 ut
383 2155 467 2207 etates
489 2151 627 2220 vineasque
650 2148 798 2220 parantibus
814 2147 911 2204 adacte

114 2227 250 2282 tormentis
271 2226 389 2284 ardentes
409 2227 498 2294 haste,
517 2226 636 2296 ultroque
652 2225 702 2296 ipsi
720 2228 909 2298 oppugnatores

112 2303 216 2375 ignibus
228 2304 389 2375 petebantur,
406 2304 493 2370 donee,
512 2304 645 2375 desperata
656 2303 690 2368 vi,
705 2306 834 2360 verterent
851 2320 908 2362 eou-

113 2381 198 2436 silium
214 2381 246 2436 ad
260 2400 351 2448 moras,
367 2382 437 2438 houd
453 2381 535 2453 ignari
553 2399 690 2452 patruorum
708 2379 806 2438 diorum
824 2379 908 2438 inesse

111 2457 231 2514 alimenta
249 2461 277 2514 et
294 2459 404 2516 multum
421 2458 529 2514 imbellis
546 2457 636 2514 turbe.
673 2457 755 2514 Simul
773 2475 806 2514 ex
822 2457 936 2528 inopia?

110 2533 222 2605 proditio
245 2538 272 2592 et
296 2537 366 2592 duna
389 2535 551 2592 servitiorum
574 2534 636 2592 fides
660 2553 690 2592 ue
714 2535 823 2592 lortuita
847 2533 908 2588 belli

111 2611 285 2682 sperabantur.
322 2613 428 2669 Flaoous
443 2612 552 2678 interim,
567 2612 669 2684 cognito
685 2615 827 2668 oestronnn
842 2608 909 2663 obsi·
920 2606 958 2658 24

111 2687 159 2754 dio,
172 2693 199 2746 et
211 2690 295 2746 missis
312 2709 358 2763 per
371 2690 464 2750 Gabios
479 2691 525 2762 qui
542 2689 636 2746 auxdia
653 2687 793 2751 oonoirent,
805 2685 911 2740 leotose
