2070 3204
87 99 90 106 ’
162 127 193 174 os
498 123 618 173 racmr

793 188 827 234 [Α.
839 187 865 225 U.
876 188 898 228 0.
908 187 956 230 Μ

161 235 275 300 sarcinis,
294 233 457 290 tabernacola
477 235 548 290 ducis
569 236 700 306 ipsamque
723 235 828 290 humum
849 235 906 306 pilis
928 243 960 292 et

161 313 257 381 lanceis
273 311 439 367 rimabantur.
475 312 544 366 Nam
563 311 657 366 Valens
681 311 767 366 servili
790 316 862 368 veste
886 313 959 384 apud

140 389 322 448 tdeenrionem
340 389 455 460 equitum
471 388 614 460 tegebatur.
651 387 717 441 Tum
735 388 854 444 Alienius
868 390 959 446 Varus

160 467 296 538 prefectus
320 469 469 530 castrorum,
495 465 650 536 deflagrante
674 464 797 534 paulatim
820 465 956 533 seditione,

161 542 232 597 addit
256 542 396 607 consilium,
420 541 508 596 vetitis
540 542 610 597 obire
633 541 733 612 vigilias
756 542 958 610 centurionibus,

139 624 254 674 somisso
265 618 334 674 tubae
347 637 415 684 sono,
430 637 481 689 quo
493 619 564 673 miles
574 617 606 673 ad
615 617 674 672 belli
682 618 769 672 munia
778 618 866 673 cietm.
898 619 959 690 Igi-

160 700 204 750 tur
215 700 317 766 torpere
329 695 423 761 ormoti,
433 695 644 766 circumspectare
653 695 722 749 inter
734 713 761 750 se
774 695 877 750 attoniti
888 698 915 749 et
927 695 958 750 id

159 772 251 844 ipsum,
265 770 333 842 qnod
347 789 422 826 nemo
434 775 543 844 regeret,
559 779 689 842 parentes.
727 771 841 840 Silentio,
855 771 957 842 patien-

159 849 204 913 tia,
224 852 354 919 postremo
372 847 536 918 precibusne
556 847 665 902 lacrimis
679 848 779 902 veniam
798 848 954 918 querebant.

138 925 199 979 ont
223 942 283 979 vero
303 923 422 979 deformis
446 927 473 979 et
490 925 554 979 flens
572 928 598 978 et
616 928 709 994 praeter
727 943 797 995 spem
820 924 957 980 incolumis

159 1000 255 1055 Valens
263 1001 393 1071 processit,
401 1000 529 1072 gaudimn,
538 1001 675 1065 miseratio,
689 1000 777 1054 lavor:
796 1001 863 1054 versi
873 1001 900 1055 in
911 1001 956 1056 laa-

159 1076 251 1142 titiam,
270 1081 300 1131 ut
312 1082 353 1134 est
365 1077 458 1148 vulgus
473 1081 583 1148 utruque
598 1076 768 1131 immodicum.
804 1076 957 1134 Laudantes

159 1157 341 1224 gratantesque
354 1153 536 1208 circumdatum
549 1153 639 1225 aquilis
652 1153 782 1224 signisque
797 1154 825 1208 in
840 1153 955 1210 tribunal

138 1231 253 1285 diamant.
290 1230 339 1285 illc
359 1230 417 1284 utili
435 1230 608 1286 moderatione
625 1248 677 1284 non
696 1230 848 1301 supplicium
867 1231 955 1302 cujus-

160 1325 236 1376 quam
243 1306 376 1376 poposcit;
395 1325 472 1374 ac,ne
484 1306 645 1361 dissimulans
656 1307 798 1375 suspectior
806 1307 880 1373 foret,
889 1325 954 1378 pau·

160 1399 203 1436 cos
227 1382 369 1447 incusavit;
391 1401 485 1452 gnarus
509 1383 625 1438 civilibus
650 1383 723 1438 bellis
746 1383 804 1452 plus
828 1383 952 1440 militibus

116 1461 234 1528 80quam
249 1455 355 1511 ducibus
365 1457 447 1513 licere.
483 1459 661 1515 Munientibus
671 1459 952 1530 castraapudTicinum

159 1533 191 1588 ele
209 1533 314 1588 adversa
332 1534 439 1590 Caecinae
456 1554 543 1606 pugna
560 1537 671 1602 allatum,
691 1540 717 1591 et
735 1555 814 1607 prope
831 1542 954 1594 renovata

159 1609 259 1688 seditio,
290 1613 412 1680 tanquam
437 1611 527 1666 fraude
547 1619 574 1668 et
603 1613 808 1669 camctationibns
834 1613 952 1670 Valentis

158 1687 245 1758 praelio
261 1685 409 1741 defuissent.
446 1687 522 1743 Nolle
540 1690 661 1760 requiem,
673 1707 726 1744 non
746 1693 892 1760 exspectare
904 1689 952 1745 du-

159 1781 221 1827 cem,
235 1762 331 1818 anteire
347 1762 427 1834 signa,
445 1782 536 1835 urgere
554 1766 696 1837 signiferos.
733 1766 834 1837 Rapido
851 1766 952 1838 agmine

136 1837 266 1894 macinae
284 1839 435 1910 junguntur.
471 1840 633 1913 improspera
656 1841 773 1896 Valentis
796 1842 863 1896 fama
883 1843 952 1913 apud

158 1917 297 1972 exercitum
322 1916 427 1972 Goecinae
445 1921 517 1972 erat:
536 1919 664 1989 expositos
683 1937 711 1973 se
728 1921 801 1972 tanto
819 1919 952 1990 panciores

156 1994 263 2065 integris
275 1993 388 2049 hostium
399 1994 495 2049 viribus
508 1995 685 2066 querebantur,
699 1994 775 2050 simul
786 1996 814 2050 in
825 2013 896 2049 suam
908 2013 953 2050 ex·

157 2072 320 2140 cassationem,
338 2074 365 2126 et
389 2071 581 2126 adventantium
604 2072 682 2127 robur
705 2089 751 2142 per
781 2071 952 2127 adulationem

134 2156 310 2222 sattollentes,
332 2173 365 2210 ne
382 2159 412 2209 ut
430 2156 493 2210 victi
509 2159 535 2210 et
554 2155 641 2226 ignari
661 2154 878 2226 despectarentur.
913 2155 953 2210 Et

156 2250 299 2304 quanquam
311 2231 369 2303 plus
381 2232 481 2297 virium,
492 2249 571 2304 prope
584 2231 728 2306 duplicatus
739 2232 867 2304 legionum
879 2233 953 2288 auxi-

155 2307 297 2378 liorumque
308 2326 429 2362 numerus
446 2312 501 2362 erat
516 2308 625 2373 Valenti,
639 2308 725 2364 studia
741 2313 827 2364 tamen
841 2309 953 2364 militum
1023 2331 1025 2344 ¹

155 2383 183 2437 iri
199 2383 324 2438 Caecinam
336 2382 499 2450 inclinabant,
512 2402 588 2456 super
604 2384 790 2456 benignitatem
802 2385 887 2450 animi,
901 2403 954 2456 qua

155 2459 295 2530 promptior
312 2457 459 2524 habebatur,
479 2460 556 2514 etiam
577 2461 664 2533 vigore
688 2461 779 2529 aetatis,
797 2461 954 2532 proceritatc

132 2535 268 2606 scorporis
280 2538 307 2588 ct
319 2534 428 2606 quodam
440 2534 510 2590 inani
521 2536 615 2591 favore.
651 2537 722 2592 Hinc
734 2537 862 2592 aemulntio
880 2535 954 2593 duci·
1023 2587 1024 2592 ,

155 2610 221 2677 bas;
239 2611 340 2666 Caeoina
350 2615 381 2666 ut
393 2610 488 2668 ioedum
500 2629 529 2666 ac
541 2613 707 2678 maculosum,
720 2613 763 2669 illa
774 2617 805 2670 ut
823 2613 954 2671 tumidam

133 2700 187 2746 cac
197 2706 291 2749 vanum
302 2687 448 2745 irridebant.
494 2687 545 2744 Sed
556 2689 659 2746 condito
670 2689 729 2746 odio
741 2690 847 2748 eandem
853 2690 954 2747 utilita-
