2104 3022
156 111 205 162 208
481 111 633 161 messus

155 222 290 295 ii‚quibua
305 225 435 296 praedm,
451 221 638 294 indignantur?
655 220 736 281 Quod
751 221 849 294 adligati
866 222 953 280 sums„

155 301 224 356 tione
244 317 292 356 nee
311 299 494 369 imperantibus
515 315 628 370 unquam
651 298 715 354 satis
735 298 950 366 semivirorum,

154 395 203 432 neo
214 376 287 432 nobis
298 376 361 432 satis
373 375 466 430 liberi?
485 375 551 434 Quas
559 375 614 430 limo
624 391 724 430 summa
735 393 823 430 eorum
834 378 951 446 potentia

131 455 216 512 testi
242 453 354 508 Tantum
371 469 445 522 pons
457 451 542 506 liberti
560 451 650 507 solent.
685 451 732 506 Me
743 469 804 506 sero
816 453 906 518 duleas,
918 457 950 508 nt

155 529 278 602 Virgilius
290 529 334 594 ait,
346 529 440 592 Musa,
452 532 577 584 remotum
590 546 606 582 a
616 527 820 584 solicitudinibus
836 533 864 584 et
881 530 950 585 oun's

154 611 181 662 et
193 605 345 662 neeessitate
362 604 476 675 quotidie
492 603 588 676 aliquid
598 607 688 660 oonma
703 605 816 660 annuum
831 605 948 672 iaeiendi,

153 682 182 737 in
193 681 236 736 illa
244 699 315 738 saera
326 681 433 752 illosque
442 681 526 736 fontes
535 681 618 738 ierant
629 701 636 746 ;
654 699 701 738 neo
713 681 830 736 insanum
841 681 910 736 ultra
921 687 950 738 st

154 757 279 813 lubricum
291 757 374 812 forum
386 757 529 828 famamque
544 757 681 827 pallentem
692 757 808 827 trepidus
822 759 948 828 amarior.

131 834 216 890 dNon
238 853 279 890 me
300 833 417 890 fremitus
441 833 508 889 salut
496 834 607 888 tantiam
630 851 678 888 nee
698 833 818 888 anhelans
841 833 949 890 libertus

153 911 265 979 excitet3
291 929 339 968 neo
355 911 468 966 insertus
483 911 524 964 fut
512 910 565 964 tusi
580 913 763 964 testamentum
779 927 825 980 pro
842 910 950 981 pignere

153 988 280 1054 scribam
308 1006 356 1044 nee
379 988 437 1058 pius
460 986 566 1042 habeam
588 1003 663 1057 quam
688 985 757 1057 quod
780 987 882 1056 possim
906 988 949 1043 oui

153 1065 236 1133 velim,
256 1064 405 1136 relinquero,
428 1061 578 1134 quandoque
597 1061 617 1133 †
635 1062 703 1118 enim
723 1061 808 1118 istriis
828 1067 855 1118 et
875 1081 950 1119 mens

153 1141 207 1198 dies
227 1141 328 1210 veniat,
345 1144 495 1212 statuasque
512 1139 612 1195 tumido
628 1157 681 1194 non
697 1143 802 1194 mustus
819 1143 848 1195 et
864 1143 949 1210 atrox,

152 1219 198 1274 ssd
221 1219 307 1274 hilaris
331 1222 358 1273 et
381 1221 537 1282 seronatum
562 1220 591 1271 st
614 1233 661 1286 pre
683 1216 806 1272 maneria
827 1217 878 1274 mei
900 1233 951 1274 nes

153 1295 268 1350 oonsulat
280 1294 422 1370 quisquam,
433 1311 481 1349 nso
492 1293 592 1364 roget.'’

107 1378 144 1432 14
187 1371 301 1426 Vixdum
319 1371 419 1428 finierat
439 1370 582 1434 Maternus,
604 1368 748 1428 ooneitatus
767 1372 794 1424 et
814 1368 886 1425 velut
908 1370 950 1424 in-

152 1447 270 1513 stinctus,
291 1465 350 1502 oum
370 1447 511 1518 Vipstanus
532 1446 647 1502 Messala
666 1444 811 1501 oubioulum
832 1448 890 1514 ejus
909 1446 948 1501 in·

151 1541 255 1592 gressus
273 1527 321 1588 est,
342 1523 537 1594 suspioatusque
555 1541 587 1578 sn
604 1523 660 1593 ipss
676 1521 819 1577 intentione
836 1522 950 1592 singido-

150 1616 216 1662 ιιιιιι,
235 1598 350 1653 altiorem
367 1599 494 1654 intereos
512 1615 569 1654 esse
585 1617 736 1664 sermonem,
749 1597 843 1653 “Num
857 1615 948 1670 pssum

150 1673 344 1744 tempestirns‚”
355 1673 447 1745 inquit,
460 1675 610 1730 “interveni
626 1678 752 1733 seoretuum
769 1675 902 1730 eonsilium
918 1679 948 1732 st

149 1768 233 1806 eausa
245 1750 350 1821 alicujus
363 1750 557 1808 meditationem
568 1751 738 1808 tractantibus
747 1751 776 1807 ?'’

125 1837 141 1885 2
185 1827 563 1900 “Minime,minime,''inq1dt
584 1828 732 1894 Seoundmr
758 1829 859 1898 “atque
880 1827 946 1884 adeo

148 1905 238 1961 vellem
254 1906 379 1962 maturius
396 1905 594 1973 interseruissem
616 1905 771 1962 delootdssot
789 1905 857 1961 enim
874 1909 902 1961 te
918 1909 946 1962 et

148 1983 213 2054 Apri
235 1984 318 2039 nostri
339 1984 544 2040 nomanatissimus
561 1999 729 2050 sermonum
748 1981 896 2037 Maternum
913 1987 945 2038 ut

148 2077 221 2114 omne
238 2060 370 2132 ingenium
389 2077 419 2116 ao
439 2059 554 2115 studium
574 2077 649 2115 snum
669 2058 703 2114 sd
722 2075 812 2114 oausas
833 2059 945 2130 agendas

148 2141 308 2194 eonverteret
325 2137 477 2193 exhortatus
493 2140 541 2202 est,
554 2139 581 2191 et
593 2134 707 2192 Materni
724 2153 771 2206 pro
788 2135 944 2191 earminibus

148 2213 201 2268 suis
221 2213 287 2280 lata,
306 2218 387 2286 utque
404 2217 494 2285 poetas
511 2212 614 2268 defendi
633 2211 747 2278 deosbat,
766 2212 901 2268 audentior
916 2215 944 2269 et

147 2295 280 2358 podiorum
292 2309 367 2362 quam
379 2295 509 2346 oratorum
521 2289 626 2344 similior
637 2289 727 2344 oratio.
739 2293 745 2314 ⁸

123 2381 138 2428 a
182 2367 249 2420 “Me
260 2368 346 2436 verost
358 2367 449 2439 inquit,
460 2370 510 2422 “et
528 2383 610 2421 sermo
624 2365 680 2436 ipse
694 2365 795 2421 infinita
810 2365 944 2436 voluptate

147 2440 273 2494 affecisset
273 2450 370 2513 ,atque
382 2443 409 2497 id
420 2443 505 2513 ipsum
516 2441 634 2509 detestat,
647 2441 716 2513 qnod
727 2459 781 2508 vos,
791 2441 841 2498 viri
852 2441 943 2513 optimi

147 2517 174 2568 et
191 2519 334 2583 temporum
351 2521 498 2572 nostrorum
514 2522 636 2584 oratores,
654 2535 707 2573 non
722 2517 867 2574 forensibus
885 2522 943 2572 tau-

145 2591 203 2644 tum
225 2590 335 2659 nogotiis
360 2594 388 2646 et
416 2591 594 2649 deolasnatorio
621 2594 737 2648 studio
729 2595 832 2666 ingenia
854 2597 942 2649 vestra

145 2664 278 2730 exeroetia
296 2665 341 2721 sed
357 2667 483 2736 ejmmodi
499 2669 577 2724 etiam
594 2668 781 2740 disputationes
798 2669 941 2737 assumitis,
