2070 3204
66 333 87 373 A
107 333 125 372 D
143 333 185 382 ω]
250 267 503 318 HISTORIARUM
521 267 557 317 11.
575 269 678 316 25—29.
829 265 860 317 67

67 383 202 447 Caecinam,
228 380 273 452 qui
293 380 393 452 culpam
410 381 438 436 in
455 380 561 436 militem
579 376 725 434 conferebat
742 375 862 432 seditioni

66 458 149 530 magis
174 476 249 529 quam
274 456 360 528 praelio
384 461 517 527 paratum:
536 455 608 512 liabii
626 473 727 526 quoque
744 453 861 508 Valentis

66 535 146 606 eopia
171 535 234 605 Gom
263 535 330 588 enim
350 533 466 588 licinum
489 533 614 601 venerat)
641 531 726 602 posito
749 531 862 585 hostium

68 615 219 681 contemptu
235 613 262 664 et
276 609 441 680 recuperandi
459 609 555 665 decoris
571 607 688 679 cupidine
704 609 861 663 reverentius

67 692 94 744 et
119 687 240 758 aqualius
265 686 324 740 duci
346 686 476 756 parebant.
522 685 612 741 Gravis
636 684 747 754 alioquin
770 683 883 740 seditic2

69 767 206 828 exarserat,
231 781 307 833 quam
331 763 419 818 altiore
437 763 510 818 britio
531 765 624 833 (neque
648 761 715 816 enim
738 779 822 815 rerum
847 779 862 814 a

68 839 169 896 (lasciua
181 842 311 910 gestarum
324 839 437 894 ordinem
449 839 601 910 interrumpi
609 838 777 909 oportuerat)
791 856 861 908 repe·

67 921 129 972 tam.
158 917 283 970 Cohortes
296 916 459 982 Batavorum,
471 916 615 988 quas‚bello
625 916 735 970 Neronis
748 919 883 986 aquartall

69 993 168 1050 decima
190 992 289 1064 legione
314 991 448 1064 digressas,
471 1011 530 1049 oum
553 993 711 1047 Britanniam
737 995 861 1063 peterent,

69 1070 158 1126 andito
166 1069 265 1124 Vitellii
277 1072 349 1123 motu
360 1070 388 1124 in
399 1070 502 1125 civitate
511 1070 657 1141 Lingonum
669 1069 747 1124 Fabio
758 1069 862 1124 Valenti

71 1147 205 1217 adjunctas
234 1145 376 1210 retulimus,
405 1146 514 1217 superbe
542 1146 658 1216 agebant,
684 1150 714 1200 ut
738 1147 862 1217 cujusque

69 1223 179 1294 legionis
203 1222 314 1277 tentoria
332 1223 504 1287 accessissent,
530 1223 687 1278 coireitosa
709 1241 737 1276 se
761 1227 862 1293 quarta-

71 1300 223 1364 decimanos,
237 1299 346 1354 ablatam
363 1299 462 1353 Neroni
479 1298 588 1364 Italiam,
602 1302 679 1369 atque
693 1316 793 1352 omnem
804 1297 863 1354 belli

68 1378 200 1436 somonam
212 1378 239 1431 in
250 1377 364 1448 ipsorum
379 1395 456 1430 manu
472 1377 547 1432 sitam
555 1377 689 1448 jactantes.
725 1375 885 1432 Continuo-4

69 1454 163 1512 liosmn
175 1453 201 1508 id
217 1453 348 1518 militibus,
362 1453 480 1508 acerbum
493 1453 567 1520 duoi;
587 1456 706 1523 corrupta
714 1452 806 1524 jurgiis
818 1455 863 1506 aut

72 1531 136 1586 rixis
160 1530 308 1601 disciplina3
328 1529 360 1584 ad
382 1533 540 1601 postremum
563 1530 659 1584 Valens
685 1548 699 1584 e
722 1529 864 1601 petulantia

72 1608 151 1676 etiam
178 1605 308 1678 perfidiam
338 1606 508 1677 suspectabat.
560 1607 649 1679 Igitur
672 1607 762 1662 nuntio
786 1606 862 1661 allato
870 1607 907 1660 28

69 1684 170 1756 pulsam
188 1684 350 1738 Trevirorum
364 1683 429 1738 alam
446 1684 614 1756 ibngrosque
627 1703 642 1738 a
653 1683 733 1738 classe
745 1683 862 1752 Othonis,

70 1765 98 1816 et
123 1760 315 1815 Narbonensem
334 1759 440 1814 Galliam
458 1761 592 1826 circumiri,
612 1760 688 1816 simul
705 1779 766 1815 cura
782 1760 863 1815 socios

69 1837 161 1894 tuendi
178 1841 204 1892 et
225 1838 330 1892 militari
349 1841 407 1892 astu
425 1839 542 1894 cohortes
566 1839 682 1894 turbidas
706 1855 742 1902 ao,
768 1838 790 1892 si
813 1855 865 1892 una

70 1915 164 1978 forent,
183 1914 331 1984 praevalidas
350 1913 518 1986 dispergendi,
537 1919 637 1986 partem
654 1915 809 1969 Batavorum
827 1914 864 1968 ire

70 1991 99 2047 in
112 1989 253 2044 subsidium
266 1991 350 2062 jubet.
387 1991 465 2050 Quod
480 1992 525 2047 ubi
542 1992 657 2046 auditum
673 1991 887 2062 vulgatumque,2

71 2084 177 2122 maerere
193 2067 261 2130 socii,
279 2068 386 2122 fremere
402 2067 523 2138 legiones.
560 2067 652 2124 Orburi
670 2085 697 2121 se
715 2067 865 2121 fortissimo-

72 2159 132 2196 rum
158 2141 270 2196 umorum
296 2143 406 2208 aurili03
424 2147 523 2198 veteres
547 2143 604 2198 illos
626 2147 653 2197 et
677 2146 718 2196 tot
742 2141 866 2196 bellorum

73 2217 192 2282 victores,
205 2221 338 2288 postquam
350 2219 378 2272 in
390 2225 528 2288 conspectu
539 2219 573 2273 sit
586 2219 675 2282 hostis,
689 2218 759 2272 velut
769 2236 801 2271 ex
813 2219 866 2273 acie

74 2291 175 2349 abduci.
212 2293 239 2348 Si
251 2295 380 2364 provincia
390 2294 454 2349 urbe
472 2298 498 2348 et
514 2295 597 2349 salute
613 2294 712 2364 imperii
729 2294 813 2364 potior
825 2295 888 2362 sit‚3

73 2388 162 2426 omnes
180 2369 240 2424 illuc
258 2375 440 2442 sequerentur:
460 2371 500 2425 sin
515 2371 628 2426 victoriae
646 2370 749 2436 sanitas,
769 2375 867 2427 susten·

72 2439 195 2504 taculum,
206 2440 322 2495 columen
330 2442 358 2496 in
369 2440 602 2506 Italiavertcretur‚
613 2458 665 2495 non
674 2439 866 2512 abrumpendos,

73 2521 105 2572 nt
117 2516 225 2587 corpori,
237 2517 405 2572 validissimos
420 2521 498 2572 artus.
535 2518 600 2574 Hac
612 2519 731 2574 ferociter
739 2519 866 2592 jactando,
875 2534 912 2587 29

74 2596 220 2664 postquam,
237 2593 355 2650 immissis
372 2594 512 2664 lictoribus,
521 2595 617 2651 Valens
636 2601 751 2652 coercere
766 2597 868 2652 seditio-

74 2688 133 2724 nem
146 2669 280 2740 coeptabat,
293 2672 378 2743 ipsum
390 2672 521 2740 invadunt,
534 2692 597 2728 saxa
607 2673 713 2744 jaciunt,
727 2674 868 2745 fugientem

76 2750 226 2817 sequuntur.
264 2749 348 2819 Spolia
367 2749 504 2806 Galliarum
523 2754 549 2806 et
571 2751 754 2806 Viennensium
779 2766 891 2810 amunia

77 2826 104 2878 et
116 2823 200 2894 pretia
210 2823 324 2880 laborum
334 2845 436 2882 suorum
446 2828 574 2883 occultare
586 2827 752 2890 clamitantes,
763 2825 868 2893 direptis
