2086 3026
109 212 171 252 Μ).
182 211 224 262 ⁶9¹]
285 147 539 200 H1snon1auunu
557 153 601 201 IV.
620 151 724 204 24-27.
859 152 905 205 178

108 263 183 316 enixe
192 261 331 332 juvabant:
350 279 417 332 mox,
426 262 612 318 valescentibus
625 262 766 331 Germanis,
778 262 904 335 pleraeque

109 338 227 393 civitates
257 337 450 394 adversumnos
474 343 578 394 armatae
602 357 647 410 spe
671 339 797 395 libertatis
822 343 856 405 01,
882 339 905 395 01

109 415 239 470 exuissent
263 414 402 480 servitium,
427 415 544 487 cupidine
567 416 737 488 imperitandi.
774 416 927 472 Gliscebata

108 491 239 546 iracundia
250 490 385 562 legionum,
402 510 450 547 nec
467 497 591 548 terrorem
603 493 680 548 unius
697 492 786 547 militis
802 493 905 548 vincula

108 567 260 622 indiderant.
298 568 370 628 Quin
392 568 459 623 idem
478 569 520 624 ille
541 569 665 640 arguebat
684 569 754 624 ultro
776 570 904 625 conscien-

108 645 173 699 tiam
184 645 263 709 ducis,
276 648 397 716 tanquam
409 646 515 700 nuntius
532 646 600 700 inter
613 645 721 701 Civilem
733 645 903 716 Flaccumque

109 721 174 776 falso
198 721 302 776 crimine
324 721 400 778 testis
423 722 478 776 veri
506 722 699 792 opprimeretur.
748 721 925 778 Conscendits

109 797 221 854 tribunal
233 797 332 853 Vocula
348 798 413 852 mira
432 799 584 864 constantia,
606 817 778 870 prensumque
796 799 904 854 militem

110 893 141 930 ac
163 876 344 931 vociferantem
365 875 425 929 duci
445 875 477 928 ad
496 875 648 946 supplicium
663 876 751 945 jussit.
786 876 822 932 nt
842 876 904 932 dum

110 952 170 1006 mali
193 955 295 1022 paveni,
319 951 431 1022 optimus
452 951 559 1021 quisque
580 951 659 1022 jussis
682 969 795 1022 paruere.
835 953 903 1008 Exin

112 1047 238 1083 consensu
261 1029 351 1083 ducem
370 1028 495 1082 Voculam
519 1028 690 1098 poscentibus,
709 1029 814 1084 Flaccus
838 1048 904 1084 sum·

112 1122 181 1158 mam
196 1122 281 1158 rerum
300 1103 324 1158 ei
340 1103 462 1173 permisit.
500 1103 550 1158 Sed
565 1103 693 1159 discordes
710 1106 807 1159 animos
824 1105 949 1160 10011026

113 1179 260 1244 efferebant,
273 1179 358 1250 inopia
370 1179 489 1250 stipendii
504 1179 684 1250 frumentique,
698 1183 724 1234 et
737 1179 812 1234 simul
827 1179 903 1236 delec

113 1259 171 1310 tum
188 1255 334 1327 tributaque
353 1255 440 1311 Gallia
458 1263 629 1326 aspernantes,
647 1255 754 1310 Rhenus
778 1256 907 1328 incognita

113 1333 152 1388 illi
163 1332 225 1388 caelo
242 1333 357 1388 siccitate
369 1332 413 1388 vix
424 1333 526 1387 navium
542 1332 648 1403 patiens,
661 1333 725 1388 arcti
742 1338 905 1400 commeatus,

112 1409 242 1481 dispositae
259 1427 305 1480 per
322 1427 422 1464 omnem
440 1410 521 1480 ripam
541 1409 672 1478 stationes,
692 1428 748 1480 quoe
766 1411 905 1466 Germanos

111 1487 177 1543 vado
196 1489 320 1551 arcerent,
340 1485 478 1557 eademque
499 1485 531 1540 de
555 1504 631 1541 causa
651 1487 734 1542 minue
754 1487 857 1557 frugum
878 1492 905 1544 et

111 1563 197 1634 plures
210 1563 254 1634 qui
266 1567 451 1619 consumerent.
487 1563 566 1634 Apud
581 1563 713 1634 imperitos
727 1563 837 1636 prodigii
849 1565 927 1620 10002

113 1639 283 1710 accipiebatur
294 1641 350 1710 ipsa
362 1659 484 1711 aquarum
502 1641 615 1711 penuria,
627 1644 747 1712 tanquam
759 1659 806 1696 nos
819 1660 905 1696 amnes

113 1735 213 1788 quoquo
226 1721 346 1774 etvetera
357 1719 456 1789 imperii
466 1719 624 1773 munimenta
636 1718 790 1774 desererent.
828 1719 906 1778 Quod

113 1793 141 1848 in
152 1811 213 1864 pace
224 1794 278 1848 fors
290 1812 336 1848 000
348 1799 446 1862 nature,
455 1803 518 1849 tuno
530 1795 612 1848 fatmn
623 1800 650 1849 et
661 1795 700 1849 ira
709 1795 750 1849 dei
758 1795 905 1850 vocabatur.

150 1869 277 1939 Ingressis
296 1869 436 1924 Novesium
453 1869 634 1924 sextadecima
649 1870 716 1941 legio
732 1871 928 1941 conjungimus

115 1943 227 1998 Additus
239 1944 343 1998 Voculae
358 1945 386 1998 in
401 1947 500 2014 partem
517 1962 636 1998 curarum
651 1945 799 1998 Herennius
818 1944 907 1998 Gallus

115 2019 234 2090 legatus3
251 2037 299 2074 neo
311 2019 366 2074 ausi
378 2019 410 2073 ad
420 2021 521 2074 hostem
535 2037 649 2089 pergere,
662 2020 717 2074 loco
734 2023 775 2074 cai
792 2019 908 2074 Gelduba

115 2112 209 2150 nomen
221 2099 260 2150 001
273 2098 357 2150 castra
367 2095 457 2150 fecere.
494 2095 536 2149 lbi
554 2094 676 2149 struenda
692 2095 753 2160 acic,
770 2095 907 2150 muniendo

115 2172 290 2244 vallandoque,
303 2171 440 2227 0101010110
457 2171 518 2226 belli
534 2170 730 2240 meditamentis,
742 2171 847 2226 militem
865 2173 907 2228 lir-

115 2249 227 2304 mabant.
264 2249 353 2319 thue
373 2247 458 2319 prada
476 2247 509 2302 ad
528 2249 650 2304 virtutem
672 2247 857 2315 accenderetur,
879 2250 930 2306 inl

115 2327 244 2398 proximos
257 2325 435 2397 Gugernorum
447 2343 534 2396 pagos,
549 2325 592 2396 qui
605 2324 753 2380 societatem
767 2326 907 2383 (111111000-

115 2407 245 2474 ceperant,
263 2402 356 2458 ductus
373 2422 391 2457 a
406 2402 506 2458 Vocula
523 2400 658 2456 exereitus.
695 2402 758 2457 Pars
776 2421 833 2458 cum
850 2405 906 2458 He-

109 2481 204 2536 rennio
229 2481 300 2536 Gallo
324 2481 470 2552 permansit.
513 2480 591 2534 Forte
614 2498 704 2536 navem
727 2481 795 2535 haud
818 2479 952 2552 procu127

116 2559 214 2624 castris,
239 2558 368 2613 frumento
393 2576 504 2628 gravem,
530 2575 586 2612 cum
615 2575 661 2628 per
689 2557 754 2612 vada
781 2558 906 2618 haesisset,

117 2635 237 2690 Germani
253 2635 365 2689 insuam
382 2635 463 2705 ripam
480 2634 623 2689 trahebant.
660 2634 722 2688 Non
736 2633 799 2686 tulit
812 2630 908 2692 Gallus,

118 2712 238 2782 misitque
254 2710 369 2767 subsidio
387 2711 525 2768 cohortem.
561 2713 663 2766 Auotus
680 2716 707 2765 et
724 2709 912 2762 Germanorum
