2096 3038
97 229 123 270 Δ,
134 229 159 268 Β.
170 229 211 279 691]
263 169 519 218 HISTORIARUM
538 172 589 221 ΙΙΙ.
608 171 714 218 45-49.
847 175 893 222 las

95 281 163 333 faces
180 279 276 346 intulit,
293 297 374 335 vacuo
389 283 453 335 mari
472 281 585 347 eludens,
603 277 663 351 quia
681 279 831 334 lectissimas
851 281 894 336 Id-

95 354 257 410 burnicarum
277 374 428 428 omnemque
448 357 555 413 militem
578 357 716 412 Mucianus
740 355 893 426 Byzantium

95 431 220 503 adegerat.
258 433 329 492 Quin
358 437 384 488 et
412 433 705 502 barbaricontemptim
727 432 919 503 vagabantur,4

94 507 224 563 fabricetis
240 514 346 579 repente
364 510 478 565 navibus.
516 511 636 566 camaras
652 516 752 576 vocant,
765 509 842 564 arctis
859 509 894 564 la·

95 585 199 650 teribus,
219 585 296 640 latam
315 586 399 640 alvum
419 587 473 642 sine
492 587 593 643 vinculo
613 586 670 642 aeris
690 589 735 640 aut
754 585 816 640 ferri
835 603 895 640 oon·

95 679 176 716 nexas
186 684 201 728 3.
212 665 239 716 et
251 662 349 717 tumido
361 663 433 728 mari,
447 668 524 734 prout
540 665 634 719 fluctus
647 662 780 728 attollitur,
795 681 894 717 summa

93 737 195 792 narium
207 738 300 794 tabulis
310 744 412 810 augent,
423 739 504 795 donec
513 739 540 794 in
549 739 653 794 modum
661 738 725 794 teeti
734 737 892 793 claudantur.

95 813 136 868 Sic
147 814 215 869 inter
227 815 306 870 undas
319 816 464 884 volvuntur,
477 817 534 886 pari
545 817 673 887 utrimque
685 833 762 885 prore
773 817 800 870 et
812 818 916 871 mutat

93 888 137 944 bili
149 891 262 962 remigio,
272 892 372 962 quando
383 892 443 947 binc
455 892 496 947 vel
508 892 577 947 illinc
590 892 715 962 appellere
726 891 893 946 indiscretum

94 969 120 1021 ct
132 967 264 1020 innoxium
280 971 327 1022 est.
364 967 484 1022 Advertit
501 986 532 1022 ea
548 986 589 1022 res
605 967 758 1037 Vespasiani
773 967 939 1030 animum,48

93 1045 124 1096 ut
145 1042 289 1096 vexillarios
311 1060 325 1097 e
345 1043 488 1113 legionibus
510 1042 650 1114 ducemque
671 1041 788 1096 Virdium
810 1044 894 1098 Gemi-

93 1133 164 1182 num,
186 1121 306 1186 spectata
328 1119 433 1184 militiae,
459 1119 589 1191 deligeret.
625 1119 675 1174 Ille
697 1114 917 1187 incomposituma

94 1197 121 1248 et
145 1193 235 1264 prades
259 1193 375 1264 cupidine
395 1213 489 1266 vagum
513 1197 614 1250 hostem
637 1195 742 1250 adortus
764 1194 848 1264 oodgit
867 1195 895 1249 in

93 1287 187 1336 naves;
206 1269 352 1342 effectisque
368 1271 461 1342 raptim
477 1271 630 1340 Liburnicis,
643 1270 787 1341 assequitur
803 1270 895 1325 Anice-

92 1349 149 1402 tum
161 1347 188 1401 in
200 1346 266 1401 ostio
277 1347 389 1403 fluminis
407 1348 507 1414 Cohibi,
520 1351 607 1403 tutum
624 1347 673 1403 sub
693 1346 894 1402 Sedochezorum

91 1423 160 1494 regis
184 1423 285 1489 eumilo,
310 1442 385 1495 quem
407 1425 517 1492 pecunia
541 1423 665 1495 donisque
689 1423 722 1478 ad
745 1423 893 1479 serietatem

91 1500 246 1570 perpulerat.
282 1501 322 1555 Ae
340 1500 423 1570 primo
444 1519 492 1556 rex
511 1501 587 1556 minis
608 1501 735 1572 armisque
754 1500 916 1571 supplicemt

91 1577 175 1631 tueri:
201 1579 337 1648 postquam
352 1595 448 1632 merces
465 1577 617 1648 proditionis
634 1581 680 1633 aut
696 1576 791 1634 bellum
808 1581 894 1632 osten-

92 1651 207 1720 debatur,
227 1654 306 1719 fluxa,
330 1655 361 1708 ut
385 1657 426 1708 est
448 1653 570 1720 barbaris,
596 1653 654 1721 fide,
675 1657 767 1726 pactus
790 1653 893 1708 Aniceti

92 1729 207 1795 exitium,
232 1729 491 1801 perfugastradidit,
514 1730 631 1802 belloque
655 1731 741 1788 servili
764 1729 821 1785 linis
845 1729 893 1784 im·

91 1805 200 1875 positus.

127 1881 230 1934 Laetum
245 1898 276 1935 ea
289 1881 396 1936 victoria
411 1881 604 1952 Vespasianum,
623 1882 722 1938 cunctis
739 1899 816 1952 super
832 1883 915 1938 votae

92 1955 239 2021 liuentibus,
259 1957 437 2011 Cremonensis
455 1959 536 2028 prelii
552 1958 659 2012 nuntius
676 1958 704 2012 in
721 1958 837 2028 AEgypto
855 1975 893 2012 as·

93 2031 217 2100 sequitur.
264 2032 304 2086 Eo
327 2034 506 2102 properantius
531 2033 711 2088 Alexandriam
734 2033 827 2102 pergit,
842 2036 891 2096 ut,

92 2107 176 2162 fracto
200 2107 297 2162 Vitellii
320 2107 442 2174 exercitu,
464 2109 553 2164 urbem
578 2126 680 2180 quoque
704 2111 817 2162 externae
837 2108 892 2178 opis

91 2183 206 2253 indigam
229 2183 296 2238 fame
319 2186 432 2254 urgeret.
468 2185 587 2255 Namque
611 2189 638 2239 et
661 2184 782 2253 Africam,
804 2183 914 2242 eodemt

91 2260 173 2316 latere
193 2260 275 2326 sitam,
296 2264 367 2315 terra
386 2259 500 2332 marique
522 2259 641 2315 invadere
665 2260 778 2330 perabat,
800 2259 891 2316 clausis

92 2355 199 2394 annona
211 2337 337 2402 subsidiis,
350 2336 460 2407 inopiam
472 2354 501 2392 ae
518 2335 667 2392 discordiam
682 2337 751 2392 hosti
766 2337 890 2392 lecturus.

92 2415 163 2468 Dum
174 2415 221 2469 hac
232 2414 313 2469 totius
326 2413 394 2468 orbis
404 2413 538 2468 nutatione
555 2413 659 2468 fortuna
674 2413 773 2484 imperii
790 2413 891 2482 transit,
899 2417 935 2471 49

92 2490 194 2546 Primus
207 2491 335 2546 Antonius
347 2507 505 2560 nequaquam
518 2490 574 2560 pari
591 2490 734 2545 innocentia
750 2494 810 2562 post
828 2493 891 2545 Ore-

92 2585 194 2622 monam
217 2567 316 2638 egebat,
339 2565 498 2621 satisfactum
521 2566 587 2622 bello
607 2570 679 2621 ratus
700 2570 736 2622 et.
748 2572 840 2622 catera
859 2583 891 2620 ex

92 2641 169 2711 facili,
182 2661 230 2698 seu
252 2643 360 2699 felicitas
371 2643 400 2698 in
412 2643 458 2698 tali
469 2642 572 2714 ingenio
588 2661 635 2698 ava
649 2644 725 2708 tiam,
739 2642 890 2711 superbiam,

92 2721 236 2791 ceteraque
252 2719 353 2777 occidte
368 2719 434 2776 mala
444 2719 573 2792 patefecit.
609 2720 648 2776 Ut
666 2723 775 2790 captam,
789 2716 915 2773 Italiama
