2104 3022
164 106 213 156 rar
501 103 621 153 urcrur
729 157 733 164 ,

800 166 836 216 [A.
847 165 874 206 U.
883 167 905 206 (t.
915 168 961 211 828.

164 215 204 272 bia
223 218 258 282 et,
276 214 322 271 ubi
342 214 473 280 advenere,
492 215 521 270 in
541 215 713 272 detreotandis
734 215 822 272 eedem
842 215 961 278 formido.

142 292 227 351 dPius
238 296 325 348 tamen
336 291 436 348 ferooiae
444 291 563 347 Britanni
574 291 721 363 proferunt,
730 295 761 347 ut
770 310 834 363 quos
845 292 960 348 nondum

162 369 239 441 longa
261 386 314 439 pax
337 367 478 423 emollierit.
514 368 584 423 Nam
605 367 691 424 Gallos
716 386 816 439 quoque
838 367 867 422 iu
886 368 961 424 bellis

162 445 279 501 floruisse
300 443 460 514 sooepimns3
486 461 546 500 mox
563 444 674 516 segnitia
694 461 754 500 eum
771 445 825 500 otio
844 443 959 511 intravit,

163 523 256 577 amissa
264 523 363 576 uirtute
375 520 471 590 pariter
482 537 511 576 so
522 519 650 576 libertato.
687 519 765 580 Quod
776 519 960 576 Britannorum

163 598 224 652 olim
234 597 310 652 vietis
323 597 425 652 evenit:
445 596 531 652 emtori
546 600 650 652 monent
662 596 749 668 qualm
763 595 829 651 Geili
844 597 959 653 fuerunt.

120 671 196 729 12111
207 672 294 743 pedite
305 671 400 738 robur;
419 672 534 744 quiedam
545 673 662 728 nationes
674 677 701 728 et
713 690 790 728 ourru
802 672 958 742 prolientur.

161 749 304 805 Honestior
317 748 422 820 auriga:
444 749 549 804 clientes
563 752 735 820 propugnant.
771 748 840 804 Olim
853 748 959 820 regibus

162 825 293 896 parebant,
304 843 373 880 nune
388 843 436 895 per
447 825 576 894 principes
592 824 747 880 faotionibus
758 827 786 880 et
801 823 893 879 studiis
905 828 960 880 tro·

140 901 266 958 thuntnr.
301 901 359 958 Neo
380 900 449 956 eliud
466 900 589 956 adversus
610 900 777 956 validissimas
798 903 888 972 gentes
908 919 958 971 pro

158 975 234 1034 ¹uobis
250 977 347 1043 utilius,
367 995 444 1048 quam
461 977 530 1048 quod
546 977 574 1032 in
591 995 723 1032 commune
739 994 792 1032 nou
809 976 958 1038 consulunt.

160 1061 246 1117 Rarus
270 1061 367 1116 duobus
390 1059 506 1117 tribusve
529 1060 676 1116 civitatibus
700 1059 732 1115 ed
755 1059 957 1130 propulsandum

160 1135 293 1194 oommnne
313 1137 455 1206 periculum
476 1140 632 1192 eonventus:
660 1137 698 1191 ita
716 1135 810 1207 singuli
829 1140 955 1207 pugnant,

140 1213 274 1270 8univeroi
284 1213 429 1270 vincuntur.
466 1213 563 1269 Oaelunr
572 1213 667 1268 crebris
678 1211 802 1268 imbribus
814 1229 843 1267 oo
854 1212 956 1270 nebulis

159 1290 274 1355 foedum3
292 1290 416 1360 asperitas
424 1289 549 1361 frigorum
561 1289 641 1345 abest.
677 1287 957 1358 Dierumspotiaultra

159 1367 244 1421 nostri
255 1366 323 1421 orbis
335 1384 496 1432 mensuram
508 1383 560 1421 nox
572 1365 640 1421 olera
650 1367 677 1420 et
689 1367 803 1420 extrema
814 1363 955 1421 Britannia

158 1447 232 1510 porte
244 1441 336 1506 brevis,
348 1445 379 1496 ut
390 1442 466 1497 finem
478 1445 555 1512 atque
566 1442 668 1496 initium
680 1441 744 1496 lueis
760 1439 853 1511 exiguo
866 1439 955 1497 discri-

136 1517 226 1573 4mine
245 1517 411 1572 internosces.
448 1517 549 1576 Quodsi
565 1517 646 1572 nubes
666 1534 719 1572 uon
736 1517 854 1582 officient,
873 1517 955 1587 aspidi

156 1610 204 1662 per
215 1595 316 1647 nostem
325 1592 385 1646 solis
393 1593 526 1663 fulgorem,
536 1609 584 1648 neo
595 1592 710 1648 ooeidere
722 1596 749 1648 et
760 1610 899 1664 exsurgere
908 1594 955 1650 sed

155 1667 265 1723 transire
277 1668 408 1722 affirmant.
445 1669 548 1724 Soilioet
565 1671 680 1724 extrema
691 1672 718 1724 et
730 1668 952 1738 praestandum,

155 1743 246 1799 humili
259 1742 356 1809 umbre,
368 1761 421 1799 non
432 1745 536 1815 erigunt
550 1743 677 1814 tenebras,
689 1745 814 1816 infraque
822 1744 911 1800 delum
925 1749 953 1801 at

133 1819 238 1877 deidera
257 1837 309 1876 nox
328 1819 404 1875 eadit.
440 1820 535 1890 Solum,
555 1823 649 1892 preater
672 1820 753 1876 oleum
773 1820 904 1890 vitemque
925 1825 953 1877 at

154 1901 248 1954 uetere
264 1896 425 1953 ualidioribus
442 1897 519 1953 terris
540 1897 601 1953 oriri
618 1899 699 1962 sueta,
718 1897 819 1967 patiens
838 1897 951 1969 frugum,

154 1974 299 2048 seeundum.
335 1973 417 2029 Tarde
432 1973 577 2038 mitescunt,
593 1973 644 2028 oito
660 1973 832 2043 proveniunt3
851 1972 952 2028 eadem·

155 2069 204 2122 qne
221 2052 355 2121 utriusque
370 2050 408 2106 rei
423 2067 509 2116 eausa,
524 2049 621 2105 multus
637 2050 728 2104 humor
741 2051 867 2104 terrarum
885 2049 953 2104 oreli-

131 2132 211 2202 dque.
240 2127 303 2183 Fert
311 2126 445 2182 Britannia
456 2145 546 2183 aurum
559 2127 586 2181 et
598 2128 732 2197 argentum
743 2127 771 2181 et
782 2124 831 2179 alia
839 2125 950 2190 metalla,

153 2203 265 2272 pretium
284 2203 404 2259 vietoriae.
441 2202 531 2274 Giguit
551 2203 578 2257 at
598 2202 716 2257 Ooeanus
736 2201 883 2273 margarita,
905 2201 953 2257 sed

153 2279 266 2334 suffusos
281 2297 311 2334 ao
326 2279 438 2335 liventia
475 2277 587 2338 Quidum
603 2280 685 2333 artem
701 2277 789 2333 obesse
804 2276 951 2348 legentibus

153 2351 323 2408 arbitrantur:
341 2372 401 2409 nam
414 2355 442 2410 in
453 2354 531 2410 rubro
546 2354 611 2409 mari
621 2353 680 2409 viva
695 2355 731 2409 ee'
742 2353 866 2424 spirantia
881 2354 951 2409 suxis

131 2425 235 2489 torelli,
253 2427 281 2480 in
300 2428 442 2496 Britannia,
461 2433 539 2501 prout
557 2431 663 2501 expulsa
682 2431 742 2496 sint,
762 2429 854 2500 colligi.
890 2429 951 2500 Ego

151 2498 250 2586 faritius
270 2501 427 2570 crediderim,
448 2509 569 2562 naturam
591 2505 736 2578 margaritis
760 2505 849 2561 deesse
872 2521 952 2576 quam

151 2572 225 2627 nobrs
236 2575 375 2630 avaritiam.

106 2645 144 2703 13
185 2646 240 2718 Ipsi
262 2647 380 2706 Britanni
400 2652 525 2712 delectum
548 2674 578 2713 se
600 2657 699 2714 tribute
721 2660 748 2713 et
771 2657 887 2727 iniuncta
903 2656 951 2712 im-
