2070 3204
158 163 189 210 aa
492 161 613 210 asom

794 221 947 271 [amasae

155 273 233 344 pandi
259 273 328 329 riam
350 275 378 328 et
400 291 470 328 mare
493 289 643 343 prosperum
667 271 772 343 aooepit‚
798 269 829 326 de
852 289 880 326 se
903 289 950 342 per

133 350 275 422 aambages
298 350 441 421 interrogat
465 349 536 404 eaesis
560 348 732 419 oompluribus
756 347 854 404 hostiis.
891 347 949 403 soe

155 430 239 481 tratas
262 426 412 496 (saoerdotis
435 425 464 480 id
480 443 573 479 nomen
593 424 668 493 erat)
690 424 736 479 ubi
758 424 817 480 lata
839 427 866 479 et
889 441 950 479 oon·

155 503 274 574 gruentia
286 507 347 558 exta
358 503 508 574 magnisque
520 501 643 556 oonsultis
659 519 769 556 annuere
781 500 854 555 deam
869 499 948 565 videt,

155 596 237 648 pauoa
253 581 282 633 in
299 598 410 649 presens
428 583 456 633 et
473 578 549 632 solita
566 577 730 648 respondens,
748 577 830 648 petito
850 581 949 632 seoreto

133 655 244 710 afutura
255 657 344 726 aperit.
380 656 455 710 Titus
467 658 543 708 auato
561 654 645 708 mmo
657 653 690 708 ad
700 657 799 724 patrem
814 656 949 724 pervectus

156 733 285 802 suspensis
297 732 482 803 provinciarum
495 734 522 786 et
539 730 699 786 exercituum
713 729 842 786 mentibus
858 729 949 800 ingens

155 825 241 862 rerum
253 808 346 863 fiduda
357 807 471 863 aooessit.

133 895 149 942 a
190 883 374 954 Profligaverat
391 883 486 938 bellum
503 882 641 938 Judaioum
655 881 836 952 Vespasianus,
851 899 950 953 oppug-

155 959 258 1014 natione
281 959 517 1031 Hierosolymorum
537 959 643 1030 reliqua,
656 958 719 1014 duro
731 958 812 1028 magis
826 960 853 1012 et
869 956 949 1012 arduo

156 1051 231 1106 opere
243 1035 276 1092 ob
287 1036 419 1108 ingenium
431 1036 526 1091 montis
538 1039 565 1090 et
572 1035 739 1106 pervioaoiam
750 1033 948 1106 superstitionis,

155 1127 231 1182 quam
251 1131 301 1185 quo
322 1115 386 1168 satis
406 1112 499 1168 virium
518 1111 631 1167 obsessis
652 1111 685 1166 ad
702 1109 845 1166 tolerandas
862 1127 949 1166 neow-

132 1188 245 1245 dsitates
258 1192 410 1260 superesset.
447 1189 518 1254 ibes,
537 1192 661 1258 utsupra
677 1187 878 1255 memoravimus,
897 1186 949 1256 ipsi
1027 1231 1028 1240 ,

154 1264 312 1336 Vespasiano
336 1266 448 1336 legiones
473 1267 555 1330 erant,
584 1264 702 1320 exercitae
725 1263 807 1319 bello:
837 1266 949 1334 quatuor

154 1339 291 1396 Mucianus
309 1341 441 1396 obtinebat
456 1341 484 1396 in
500 1359 562 1411 paoe
570 1363 578 1407 ;
596 1340 642 1395 sed
658 1340 785 1396 aemulatio
799 1343 826 1395 et
837 1339 949 1410 proximi

155 1417 284 1471 exereitus
301 1417 383 1488 gloria
399 1417 530 1487 depulerat
548 1417 691 1488 segmtm,
710 1423 882 1487 quantumque
896 1415 948 1472 illis

154 1491 252 1548 roboris
265 1492 411 1548 discrimina
422 1497 449 1548 et
460 1493 538 1555 labor,
551 1496 653 1548 tantum
664 1493 704 1548 his
712 1493 808 1564 vigoris
816 1491 949 1548 addiderat

134 1568 255 1640 tintegra
267 1568 338 1639 quies
350 1572 377 1623 et
388 1569 514 1639 inexperti
525 1569 585 1624 belli
596 1569 614 1640 †
625 1569 696 1624 labor
709 1570 831 1638 (amm).
866 1570 949 1625 Auxi-

154 1643 190 1698 lia
205 1643 309 1715 utrique
327 1644 469 1700 oohortium
486 1645 639 1716 alarumque,
658 1653 685 1700 et
703 1645 796 1700 elasses
813 1663 947 1716 regesque,

129 1727 185 1782 bae
195 1737 287 1776 nomen
305 1721 399 1791 dispari
414 1720 482 1775 fama
498 1720 602 1776 eelebre.
637 1721 810 1792 Vespasianus
828 1739 885 1776 aoer
899 1721 949 1776 mi-

153 1795 223 1862 litie,
236 1797 332 1853 anteire
344 1815 441 1869 agmen,
454 1796 538 1852 looum
550 1797 640 1852 eastris
652 1816 748 1869 capere,
761 1802 841 1854 nootu
852 1798 949 1869 diuque

154 1873 258 1928 oonsilio
270 1891 307 1942 ao,
320 1874 342 1928 si
357 1892 397 1929 res
414 1877 538 1944 poseeret,
555 1891 632 1928 manu
649 1874 765 1930 hostibus
784 1874 872 1940 obniti,
888 1875 948 1930 oibo

153 1949 269 2017 fortuito,
288 1954 360 2007 veste
375 1949 515 2020 habituque
530 1949 574 2003 vix
592 1968 607 2004 a
623 1951 739 2021 gregario
755 1951 836 2006 milite
852 1951 948 2006 dhare-

153 2044 233 2097 pans;
253 2046 364 2099 prorsus,
378 2027 400 2082 si
412 2025 518 2081 avaritia
529 2025 637 2092 abesset,
652 2027 762 2098 antiquis
775 2027 881 2083 ducibus
890 2046 947 2098 par.

132 2101 668 2172 2Muoianumeeoutra1iomagnidoentia
685 2107 712 2158 et
730 2121 791 2175 opes
808 2107 835 2160 et
852 2108 948 2160 cuneta

153 2181 281 2250 privatum
299 2180 404 2236 modurn
422 2195 586 2249 supergressa
603 2179 773 2246 extollebant3
793 2181 876 2252 aptior
893 2199 948 2236 ser·

153 2272 235 2320 mone,
260 2257 386 2327 dispositu
408 2255 562 2326 provisuque
586 2255 698 2312 oivilium
720 2253 806 2312 rerum
829 2257 946 2328 peritus:

154 2331 285 2400 egregium
296 2333 453 2402 principatus
464 2333 701 2400 temperamentum,
714 2334 745 2399 si,
758 2333 868 2405 demptis
879 2335 947 2390 utri-

133 2416 236 2474 ausque
251 2407 329 2476 vitiis,
341 2407 401 2460 solae
418 2405 529 2461 dautes
546 2407 720 2464 miscerentur.
762 2409 889 2466 Caeterum
901 2411 948 2468 hio

154 2481 242 2551 Syriae,
266 2481 309 2536 ille
338 2481 434 2536 Judoeae
463 2481 620 2551 prepositus,
644 2486 734 2542 vieinis
757 2487 948 2558 provinciarum

154 2555 422 2624 administrationibus,
451 2556 545 2612 invidia
574 2559 709 2630 disoordes,
739 2565 812 2618 exitu
841 2563 948 2620 demum

153 2630 265 2686 Neronis
283 2633 373 2704 positis
391 2631 455 2686 odiis
473 2631 500 2685 in
516 2633 627 2690 medium
651 2639 807 2706 consuluere,
832 2641 947 2712 primum

151 2722 198 2777 par
209 2707 320 2765 amieos:
339 2708 398 2765 dein
409 2706 535 2778 praecipua
545 2714 685 2771 oonomdie
696 2715 758 2772 fides
770 2718 845 2773 Titus
863 2735 948 2790 prava
