2104 3022
313 143 508 192 GERMANIA
526 145 628 192 39-48.
816 145 862 190 261

105 255 203 310 rithmo
212 253 313 324 quidem
321 271 380 323 pars
389 253 529 308 Suerorum
537 252 566 308 in
574 253 712 308 secretiora
723 251 863 306 Germania
872 249 908 303 41

67 330 217 402 porrigitur.
252 329 359 398 Propior
371 329 418 396 (ut,
432 329 560 398 quomodo
576 329 653 398 paulo
665 330 723 382 anto
735 327 862 392 Rhenum,

69 407 108 462 sio
125 423 193 460 nunc
210 404 357 459 Danubium
374 404 484 475 requam)
503 404 746 458 Hermundurorum
766 402 863 467 civitas,

67 481 122 537 fida
145 479 285 546 Romanis;
304 497 384 550 eoque
405 479 465 534 solis
486 479 669 534 Germanorum
692 497 744 534 non
764 479 791 532 in
809 479 864 548 ripa

68 556 254 619 commercium,
265 553 311 609 sed
322 555 431 624 penitus,
442 558 519 625 atque
527 555 554 609 in
563 554 766 625 splendidissima
773 553 863 608 Roetioe

8 651 9 656 ¹
67 631 206 703 provincio
218 629 322 684 colonia.
356 631 455 684 Passim
470 630 524 684 sine
536 631 643 686 custode
658 633 809 695 transeunt3
828 633 887 695 et,2

68 725 130 762 oum
145 705 244 761 caeteris
262 705 380 776 gentibus
396 723 466 760 arma
481 705 555 760 modo
573 710 706 777 castraque
721 709 809 760 nostra
824 723 863 760 os-

67 780 212 845 tendamus,
234 781 273 836 his
294 781 383 836 domos
402 781 525 850 villasque
545 781 712 850 patefecimus
732 799 784 836 non
804 798 863 836 oon·

67 856 266 927 cupiscentibua.
303 858 334 910 In
354 855 542 911 Hermunduris
564 856 637 912 Albis
658 857 747 920 oritur,
769 857 864 910 flumen

68 932 186 988 inclitum
198 936 224 986 et
236 935 325 986 notum
337 932 411 996 olim;
429 949 497 986 nuno
509 934 609 986 tantum
621 931 731 985 auditur.

105 1008 187 1062 Juxta
195 1007 392 1062 Hermunduros
405 1006 515 1071 Narisci,
526 1024 555 1060 ac
564 1005 656 1060 deinde
669 1005 827 1060 Marcomani
835 1009 862 1060 et
871 1008 910 1059 42

7 1115 8 1130 r
68 1083 155 1142 Quadi
172 1087 259 1154 agunt.
297 1083 431 1152 Praecipua
448 1082 668 1136 Marcomanorum
688 1080 769 1151 gloria
787 1079 862 1134 vires-

68 1176 127 1229 que,
143 1162 219 1229 atque
234 1159 290 1229 ipsa
305 1158 382 1214 etiam
400 1157 479 1224 sedes,
496 1156 576 1226 pulsis
592 1156 652 1210 olim
669 1156 748 1220 Boiis,
767 1155 862 1209 virtute

67 1237 149 1304 parta.
186 1234 242 1289 Nec
254 1234 357 1288 Narisci
369 1232 485 1293 Quadive
502 1231 664 1302 degenerant.
700 1232 789 1300 anue
802 1230 887 1284 Ger-2

67 1309 158 1364 mania
178 1309 249 1364 velut
272 1309 342 1364 frons
366 1313 413 1374 est,
436 1311 560 1378 quatenus
582 1306 700 1361 Danubio
724 1305 861 1376 peragitur.

68 1384 239 1440 Marcomanis
260 1384 409 1455 Quadisque
429 1402 511 1454 usqne
532 1383 564 1438 ad
584 1391 696 1436 nostram
717 1381 862 1436 memoriam

25 1459 28 1466 '
67 1477 142 1529 reges
160 1465 307 1516 manserunt
325 1479 357 1516 ex
373 1464 450 1532 gente
467 1461 589 1530 ipsorum,
608 1458 692 1513 nobile
710 1457 864 1512 Marobodui

68 1537 96 1588 et
108 1534 187 1590 Tudri
198 1554 294 1606 genus:
310 1540 365 1606 jam
376 1541 403 1592 et
412 1540 531 1592 externos
543 1534 686 1606 patiuntur.
724 1533 774 1588 Sed
785 1533 823 1588 vis
835 1539 885 1587 eta

67 1611 184 1680 potentia
200 1612 302 1682 regibus
320 1631 353 1667 an
370 1612 522 1668 auctoritate
539 1611 661 1666 Romana.
698 1610 768 1664 Baro
786 1610 862 1664 armis

67 1687 170 1751 nostris,
183 1687 274 1756 saepius
286 1689 393 1757 pecunia
401 1691 532 1756 juvantur,
543 1705 591 1742 neo
602 1687 686 1741 minus
698 1687 790 1742 valent.

103 1761 186 1815 Retro
201 1761 334 1831 Marsigni,
353 1763 464 1826 Gothini,
482 1763 536 1826 Osi,
550 1763 614 1816 Buri
630 1767 705 1833 terga
719 1762 861 1816 Marcoma-
870 1766 908 1818 43

66 1853 160 1892 norum
172 1835 370 1904 Quadorumque
384 1835 513 1891 claudunt.
548 1838 572 1890 H
588 1837 680 1906 quibus
693 1837 818 1906 Marsigni
834 1842 861 1890 et

66 1911 134 1968 Buri
146 1927 260 1964 sermone
272 1909 393 1980 cultuque
407 1912 502 1964 Suevos
514 1911 628 1965 referunt
640 1934 645 1964 :
665 1911 789 1964 Gothinoa
803 1911 861 1964 Gal-

67 1988 125 2051 lica,
150 1987 217 2042 Osos
240 1986 386 2040 Pannonica
405 1987 494 2055 lingua
517 1986 632 2055 coarguit
652 2003 704 2038 non
724 2003 779 2040 esse
800 1986 862 2039 Ger-

7 2067 8 2072 ’
68 2081 164 2128 manos,
178 2066 205 2118 et
217 2061 285 2134 quod
299 2061 397 2116 tributa
412 2060 552 2132 patiuntur.
588 2061 691 2114 Portam
707 2059 886 2114 tributorum

69 2139 198 2204 Sarmata,
214 2141 312 2209 partem
329 2137 415 2198 Quadi
426 2140 455 2190 ut
472 2135 618 2206 alienigenis
634 2135 774 2205 imponunt.
812 2136 862 2189 Go—

68 2214 142 2278 tlrini,
153 2232 203 2285 quo
212 2214 293 2285 magis
301 2213 404 2285 pudeat,
415 2217 441 2268 et
450 2212 545 2266 ferrum
555 2211 685 2266 effodiunt.
718 2212 863 2282 Omnesque

68 2291 97 2346 hi
109 2290 196 2360 popuii
206 2308 287 2360 pauca
298 2290 484 2360 campestrium,
496 2271 616 2344 ambarum
628 2287 706 2342 saltus
716 2291 742 2342 et
755 2287 862 2342 vertices

68 2365 196 2420 montium
213 2365 378 2436 [jugumque]
399 2363 553 2420 insederunt.
590 2363 693 2417 Dirimit
711 2363 777 2418 enim
797 2364 886 2418 scin-3

69 2441 157 2511 ditqne
170 2440 287 2496 Sueviam
298 2443 445 2496 continuum
463 2441 588 2494 montium
596 2443 696 2510 jugum,
710 2440 778 2494 ultra
794 2440 863 2510 quod

68 2517 183 2588 plurimae
198 2520 288 2588 gentes
301 2520 388 2588 agunt.
424 2517 465 2570 Hx
482 2515 573 2587 quibus
585 2515 707 2571 latissime
722 2519 801 2588 patet,
819 2516 862 2570 Li-

69 2592 169 2662 giorum
185 2610 277 2647 nomen
292 2591 320 2647 in
336 2593 422 2662 plures
438 2592 555 2656 civitates
572 2591 698 2648 diffusum.
735 2592 862 2646 Valentis-

69 2669 145 2724 simas
157 2669 300 2724 nominasse
308 2669 425 2736 sufficiet,
433 2669 536 2736 Herios,
547 2669 714 2736 Helveconas,
725 2669 859 2729 Manmos.
