2086 3026
137 167 184 222 174
474 161 594 212 Tncrri

768 223 804 272 [Δ.
813 223 840 262 U.
850 225 873 266 0.
884 225 929 265 Μ.

134 291 264 344 nummus,
282 274 456 349 paulatimque
476 272 677 346 eggregnntibns
700 287 729 328 se
752 273 852 328 mritis
877 275 934 329 soie

135 359 270 414 certatum.
306 352 427 409 Germani
443 352 525 406 multe
542 369 601 406 oum
619 353 706 420 strage
723 353 869 406 nostrorum
886 365 934 405 ns-

114 443 194 491 2rem
210 431 347 502 abripiunt.
383 427 455 484 Vieti
468 426 549 499 (quod
566 433 622 482 tum
639 426 668 480 iu
681 441 778 480 morem
795 429 933 496 verterat)

136 526 189 565 non
211 525 284 563 suem
306 505 441 578 ignaviam,
462 503 508 559 sed
531 502 662 574 perfidiam
684 501 765 574 legati
786 501 933 574 snlpebunt.

136 586 300 640 Protreetum
311 601 326 638 e
337 581 457 649 tentorio,
472 580 551 636 scisse
565 582 645 644 veste,
664 579 799 634 verberato
815 597 931 650 surpere,

137 677 187 732 qno
196 659 286 731 pretio,
296 659 388 730 quibus
398 657 514 725 eonseiis,
526 655 679 728 prodidisset
689 655 837 721 exereitum,
848 655 935 712 diesne

115 747 130 798 3
135 735 235 809 jubent.
277 734 357 790 Redit
379 734 408 790 in
427 733 604 789 Hordeonium
624 731 727 787 invidie.
772 731 851 786 lllum
872 749 934 788 uuo·

136 817 218 869 torem
235 811 343 877 sceleris,
360 811 430 866 hune
445 810 591 865 ministrum
602 812 704 873 rooeut,
718 807 806 875 donee,
824 808 933 864 exitium

136 887 321 953 minitantibus,
334 887 472 942 exterritus
489 885 659 957 proditionem
670 889 697 939 et
709 885 764 955 ipso
780 884 933 940 Hordeonio

137 965 245 1037 objeoit;
264 965 415 1035 vinctusque
427 962 539 1019 adventu
550 961 652 1017 demum
660 961 767 1016 Voeudae
778 961 932 1023 exsolvitur.

114 1043 166 1100 41s
178 1045 280 1114 postero
291 1041 332 1097 die
344 1044 461 1096 rumores
479 1037 612 1094 seditionis
626 1041 709 1092 morte
721 1037 813 1094 effecit.
849 1038 936 1092 'leuto

137 1119 174 1174 illi
197 1117 322 1175 exercitui
345 1116 478 1172 diversitos
501 1115 584 1170 inerat
607 1113 717 1170 lieentim
740 1113 932 1185 potientiaeque.

137 1195 217 1251 Hrud
235 1195 310 1252 dubie
328 1193 459 1268 gregatim
474 1192 547 1248 miles
563 1189 670 1246 Vitellio
687 1189 762 1256 fidus,
779 1189 934 1261 splendidis-

138 1273 217 1329 simus
233 1273 339 1345 quisque
356 1272 384 1326 in
401 1269 586 1341 Vespasianum
603 1269 686 1339 proni.
722 1266 788 1322 Inde
806 1266 934 1322 soelerum

137 1367 167 1405 so
190 1350 370 1420 suppliciorum
393 1348 461 1403 uiues
485 1349 512 1402 et
535 1345 631 1400 mixtus
652 1343 774 1415 obsequio
795 1343 876 1408 iuror,
901 1347 934 1399 ut

137 1425 262 1480 eoutineri
273 1441 325 1479 non
337 1427 440 1494 possent
453 1422 497 1493 qui
508 1421 594 1493 puniri
605 1423 732 1492 poterent.

92 1503 130 1558 28
171 1501 208 1554 At
229 1499 336 1554 Civilem
358 1498 487 1554 immensis
512 1497 629 1554 auctibus
653 1497 772 1552 universe
793 1497 932 1552 Germanis

136 1574 281 1640 extollebot,
290 1573 412 1628 someteto
422 1574 585 1630 nobilissimis
597 1573 715 1629 obsidum
723 1573 830 1628 firmate
872 1573 931 1640 Ille,

136 1653 167 1706 ut
179 1651 270 1722 unique
285 1649 435 1720 proximum,
450 1651 546 1706 rostari
557 1651 640 1706 Ubios
652 1651 827 1721 noviomor,
841 1655 868 1705 et
880 1650 933 1706 alin

136 1743 214 1782 monn
231 1726 333 1781 Mosam
350 1743 450 1781 emnem
469 1728 574 1783 transiri
592 1727 675 1800 jubet,
694 1731 725 1782 ut
745 1727 880 1798 Menapios
902 1732 932 1783 et

115 1803 253 1860 2Morinos
271 1805 298 1858 et
314 1805 432 1858 extrema
448 1803 587 1859 Gallienum
605 1808 730 1876 quateret.
767 1805 841 1860 Aotss
859 1807 933 1859 utro·

137 1880 213 1954 bique
225 1879 324 1952 prede,
337 1879 456 1936 infestius
468 1881 496 1936 in
509 1880 592 1947 Ubiis,
607 1881 677 1953 quod
691 1899 755 1954 gens
772 1879 933 1937 Germanice

137 1957 250 2032 originis,
269 1957 368 2029 ejurata
384 1957 475 2028 patrie,
494 1957 669 2014 Romanorum
688 1975 790 2024 nomen,
810 1957 936 2029 Agrippi-

116 2045 236 2103 8nenses,
260 2037 420 2092 roeoreutur.
469 2033 548 2090 Geso
572 2035 691 2091 eohortes
714 2051 803 2090 eorum
825 2035 853 2089 in
876 2035 936 2090 vieo

138 2112 294 2170 Merooduro
313 2110 466 2168 incuriosius
484 2113 597 2183 egentes
616 2112 676 2184 quie
695 2111 785 2184 proool
802 2111 858 2183 ripe
874 2110 936 2167 ebe·

138 2195 204 2246 runt.
239 2191 297 2246 Neo
309 2189 427 2260 quievere
439 2187 510 2256 Ubii,
522 2189 668 2258 quominus
685 2188 810 2260 prmdose
827 2189 935 2244 Germe·

136 2267 180 2320 nia
191 2269 316 2337 peterent,
329 2265 412 2336 primo
428 2265 538 2336 impune,
552 2263 611 2319 dein
626 2265 795 2321 eireumventi
806 2269 874 2330 sunt,
887 2283 933 2336 per

115 2346 212 2396 domne
225 2341 253 2396 id
268 2341 363 2396 bellum
378 2340 482 2396 meliore
497 2341 538 2396 usi
554 2339 604 2396 fide
622 2359 699 2413 quem
716 2341 829 2397 iortunn
865 2341 935 2397 Gon-

137 2415 203 2470 tusis
216 2415 301 2478 Ubiis,
317 2415 419 2483 gravior
435 2420 461 2471 et
478 2435 599 2472 suoeessn
615 2435 701 2472 romum
717 2417 826 2473 ferocior
842 2417 936 2474 Civilis

137 2488 263 2542 obsidium
279 2488 409 2556 legionum
419 2492 537 2560 urgebat,
555 2493 662 2548 intentis
680 2493 813 2559 eustodiis,
824 2511 857 2549 ne
874 2493 937 2565 quis

115 2561 254 2616 docentus
271 2561 378 2614 nuntius
394 2565 520 2620 venientis
537 2569 626 2623 auxilii
643 2573 797 2639 penetraret.
832 2570 935 2627 Muthi-

137 2652 183 2690 nos
195 2633 337 2702 molemque
348 2651 453 2703 operum
465 2639 570 2695 Batavis
582 2643 698 2715 deleget:
716 2645 935 2716 liensrhsnouos,

137 2706 252 2776 prelium
269 2711 410 2776 posoentes,
430 2710 462 2764 ed
483 2714 648 2773 sourdendum
665 2719 759 2775 vellum
779 2721 825 2790 ire,
842 2720 935 2777 dotru-
