2086 3026
174 141 222 186 204
509 121 628 171 rrcrrr

171 248 290 320 erigeret,
306 249 392 318 spreto
410 247 502 311 hoste3
520 265 602 318 quem,
620 225 716 302 temere
733 195 966 310 oonoeiini'liiii

173 324 211 378 ita
237 324 291 379 loco
314 323 406 395 juvari,
430 325 461 377 ut
484 341 537 377 non
559 323 616 394 plus
640 323 693 377 suis
716 321 745 376 in
765 322 863 376 virtute
885 320 964 375 foret.
1035 335 1036 338 ’

151 399 290 455 cPenllum
311 417 387 454 morae
402 399 430 453 in
445 417 557 464 ascensu,
573 399 634 453 dum
648 398 753 453 missilis
770 397 881 452 hostium
899 415 966 466 pras·

173 477 315 532 vehuntur:
334 479 364 530 nt
380 479 485 531 ventum
500 476 528 530 in
541 493 638 542 manus,
650 473 779 529 deturbati
796 473 876 527 ruinae
887 472 965 526 modo

174 553 373 622 precipitantur.
410 552 445 606 nt
462 570 520 622 pars
535 551 657 622 equitum,
670 549 822 621 aequioribus
832 549 904 620 jugis
916 548 966 603 cir-
1029 542 1033 555 '

174 631 314 691 oumvecta,
329 627 497 682 nobilissimos
514 627 659 698 Belgarum,
677 627 706 681 in
723 627 779 697 quis
796 627 897 680 Ducem
912 625 966 678 Va-

129 695 305 768 tarentinum,
324 703 399 774 cepit.
437 703 542 762 Cerialis
557 707 659 774 postero
675 701 716 761 die
731 701 855 757 coloniam
871 701 967 756 Treve-

173 795 260 832 rorum
283 779 412 850 ingressus
436 783 483 848 est,
505 779 578 835 avido
598 779 679 833 milite
699 777 816 833 eruendae
834 777 965 832 civitatis:

174 855 263 909 “hanc
275 873 330 910 esse
343 855 455 922 Classici,
468 857 533 910 hanc
545 855 655 920 Tutoris,
665 854 787 925 patriam:
806 853 900 907 horum
913 871 968 908 sce-

173 930 224 985 lera
242 931 340 986 clausas
357 950 484 1003 caesasque
501 931 621 1003 legiones.
657 929 729 990 Quid
741 933 843 984 tantum
860 929 968 984 Cremo-

173 1025 232 1062 nam
251 1009 388 1074 meruisse;
416 1027 492 1079 qnam
514 1026 529 1064 e
553 1008 649 1080 mamis
672 1007 754 1062 Italiae
774 1009 883 1076 raptam,
907 1006 968 1077 quin

151 1084 249 1138 numius
261 1086 344 1141 noctis
356 1103 452 1140 moram
463 1085 602 1140 victoribus
620 1083 755 1139 attulerit?
774 1083 847 1137 Stare
865 1082 894 1136 in
907 1100 966 1138 cone

173 1159 234 1214 finio
264 1161 404 1216 Germaniae
427 1162 552 1233 integram
575 1160 668 1225 sedem,
693 1159 779 1230 spoliis
803 1158 968 1214 exercituum

174 1240 201 1290 et
222 1237 325 1292 Ducum
346 1237 457 1293 cedibus
481 1241 605 1292 ovantem.
640 1236 812 1307 Redigeretnr
831 1234 921 1306 praeda
941 1236 968 1290 in

173 1313 277 1368 liscum:
297 1314 358 1385 ipsis
376 1315 492 1369 sufficere
503 1313 575 1385 ignes
593 1317 620 1369 et
631 1313 731 1368 rebellis
749 1312 852 1368 colonie
868 1313 965 1378 minas,
1024 1356 1028 1369 .

150 1389 266 1458 aquibus
287 1393 326 1444 tot
343 1394 482 1446 castrorum
503 1389 601 1444 excidia
620 1388 811 1460 pensarentur.’'
846 1388 966 1456 Cerialis,

173 1480 189 1516 a
201 1467 272 1517 metu
283 1464 400 1530 infamia,
414 1466 436 1520 si
452 1465 555 1520 licentia
572 1466 718 1536 saevitiaque
733 1464 845 1520 imbuere
856 1464 967 1519 militem

173 1537 327 1604 crederetur,
352 1541 445 1610 pressit
469 1541 528 1597 iras.
564 1542 600 1596 Et
623 1559 737 1612 paruere,
761 1541 845 1611 posito
870 1541 967 1594 civium

150 1612 247 1678 4bello‚
265 1613 297 1667 ad
314 1619 422 1669 externa
438 1616 610 1672 modestiores.
646 1617 778 1672 Convertit
793 1615 852 1671 inde
867 1617 966 1670 animos

170 1689 309 1743 accitarum
321 1708 335 1744 e
347 1690 549 1748 Mediomatricis
566 1694 694 1764 legionum
712 1692 860 1748 miserabilis
878 1709 967 1762 aspec-

173 1767 223 1819 tus.
254 1764 362 1822 Stabant
374 1767 529 1823 conscientia
542 1769 635 1840 flagitii
645 1772 747 1834 mestas,
760 1769 816 1824 finis
830 1768 859 1822 in
869 1771 967 1822 terram

172 1841 259 1898 oculis.
295 1842 375 1898 Nulla
398 1844 468 1898 inter
491 1850 612 1900 coeuntes
636 1845 762 1900 exercitus
786 1845 964 1900 consalutatio.

173 1919 266 1992 Neque
281 1919 421 1976 solantibus
433 1921 627 1977 hortantibusve
638 1939 759 1993 response
769 1920 874 1988 dabant,
886 1920 967 1976 abditi

149 2009 219 2069 oper
230 1997 340 2053 tentoria
351 2003 378 2052 et
389 1998 472 2054 lucem
484 1997 565 2068 ipsam
576 1999 695 2054 vitantes.
731 1997 788 2052 Neo
805 1997 912 2069 perinde
924 2015 968 2068 pe·.

172 2074 281 2130 riculum
298 2078 343 2130 aut
360 2080 452 2143 metus,
470 2092 545 2145 quam
562 2073 644 2144 pudor
661 2092 691 2130 ac
708 2073 824 2139 dedecus,
844 2073 967 2144 obstupe

172 2150 283 2207 fecerat:
302 2151 419 2207 attonitis
431 2150 507 2206 etiam
519 2149 664 2217 victoribus,
673 2149 717 2220 qui
728 2167 815 2204 vocem
826 2167 967 2221 precesque

174 2227 305 2284 adhibere.
316 2247 368 2284 non
385 2229 447 2292 ausi,
466 2226 574 2282 lacrimis
598 2244 628 2281 ac
645 2227 745 2282 silentio
763 2227 862 2282 veniam
880 2244 967 2297 posce-

175 2301 252 2357 bant:
272 2303 352 2360 donec
371 2303 473 2360 Cerialis
491 2303 614 2358 mulceret
628 2302 732 2368 animos,
747 2302 801 2358 fato
818 2306 876 2358 acta
893 2302 967 2358 dicti·

173 2377 240 2439 tans,
266 2396 322 2446 quas
345 2379 454 2434 militum
477 2379 630 2449 Ducumque
654 2377 785 2444 discordia,
811 2378 853 2434 vel
875 2377 968 2434 fraude

149 2448 293 2515 thestinm,
316 2454 468 2509 evenissent.
505 2455 619 2509 Primum
638 2453 709 2508 illum
730 2453 917 2524 stipendiorum
940 2459 968 2510 et

174 2525 325 2576 sacramenti
345 2525 412 2577 diem
435 2529 572 2583 haberent:
590 2529 703 2598 priorum
723 2528 864 2584 facinorum
882 2549 968 2602 neque

173 2595 357 2660 Imperatorem
380 2615 462 2666 neque
485 2619 513 2654 se
536 2604 687 2658 meminisse.
723 2605 795 2659 Tunc
817 2607 917 2675 recepti
940 2607 969 2660 im

174 2665 262 2718 eadem
275 2671 359 2720 castra
372 2672 399 2722 et
413 2670 523 2726 edictum
538 2693 584 2742 per
597 2678 745 2748 manipnlos,
758 2679 860 2750 nequis
872 2681 901 2734 in
912 2699 968 2736 cer·
