2070 3204
168 171 199 219 dd
503 169 623 220 ritem

802 231 836 281 [a
847 231 874 271 u.
882 230 904 270 c.
914 229 959 271 esa

167 279 274 338 cedente
291 278 386 336 sensim
403 279 486 346 Oelsc,
505 281 606 352 longius
624 280 707 336 secuti
724 279 793 335 ultro
810 281 838 335 in
855 279 962 335 insidias

167 357 367 430 precipitantur.
403 357 473 412 Nam
490 375 505 412 a
518 357 641 412 lateribus
659 357 784 422 cohortes,
797 355 816 427 †
830 357 960 427 legionum

167 436 372 505 (apameorum
383 433 415 503 l)
431 433 537 488 adversa
544 434 622 499 frons,
633 437 660 488 et
669 432 754 488 subito
762 433 878 488 discursu
886 437 963 504 terge

143 509 301 566 tciuxerunt
317 510 424 581 equites.
462 511 569 582 Signum
582 529 674 582 pugnae
691 527 743 564 non
761 510 846 564 statim
866 527 881 563 a
898 509 964 564 Suc-

167 585 238 641 tonio
251 586 358 641 Paulino
375 585 455 658 pediti
471 585 567 641 datum.
604 587 746 641 Cunctator
761 589 900 651 naturaei
918 585 963 640 cui

167 667 244 718 cauta
266 663 352 734 potius
376 662 481 718 consilia
503 681 562 718 cum
579 663 677 717 ratione
695 680 770 733 quam
789 679 910 733 prospera
928 680 963 716 ex

167 758 229 795 casu
240 739 376 810 placerent,
389 739 509 810 compleri
526 739 616 804 fossas,
636 739 727 810 aperiri
741 756 865 808 campum,
883 738 962 808 pandi

167 816 246 872 eciem
261 815 385 887 jubebat;
420 815 482 869 satis
514 815 552 870 ito
569 815 646 886 incipi
663 814 795 870 victoriam
818 818 897 880 retus,
915 813 962 869 ubi

144 893 296 964 aprovisum
309 892 376 948 foret
385 910 417 947 ne
426 891 595 948 vincerentur.
631 892 670 946 Ea
678 891 840 946 cunctatione
849 890 960 962 spatium

167 969 311 1024 Vitellianis
328 968 417 1024 datum
432 968 459 1023 in
473 969 567 1033 vineas,
586 987 654 1023 nexu
669 967 804 1023 traducum
819 967 962 1039 impeditas,

167 1045 316 1118 refugiendi.
352 1045 389 1100 ut
409 1044 508 1100 modica
527 1045 591 1100 silva
608 1044 768 1110 adhaerebat;
787 1043 854 1098 unde
871 1063 962 1100 rursus

168 1123 225 1178 ausi
237 1121 438 1195 promptissimos
450 1121 660 1192 pretorianomm
671 1121 786 1192 equitum
802 1121 960 1176 interfecere.
1027 1111 1028 1136 ³

166 1198 325 1254 Vulneratur
334 1217 380 1254 rex
391 1198 544 1270 Epiphanes,
556 1198 664 1268 impigre
676 1216 723 1268 pro
735 1197 837 1253 Othone
849 1215 962 1269 pugnam

121 1275 245 1337 260iens.
282 1277 348 1330 Tum
366 1275 527 1330 Othonianus
545 1273 623 1344 pedes
642 1275 735 1345 erupit.
772 1273 887 1328 Protrita
904 1274 961 1330 hos-

167 1353 233 1407 tium
245 1352 305 1418 acie,
319 1352 386 1407 versi
395 1351 422 1406 in
433 1351 520 1423 fugam
529 1352 605 1406 etiam
613 1351 658 1422 qui
666 1349 856 1406 subveniebant.
892 1349 962 1404 Num

169 1428 271 1483 Oaeciua
293 1446 345 1482 non
368 1427 445 1482 simul
467 1428 585 1482 cohortes
613 1426 659 1482 sed
682 1426 794 1498 singulas
819 1425 960 1494 acciverat;

169 1522 226 1575 quae
242 1522 282 1558 res
298 1505 325 1558 in
342 1503 428 1575 proelio
446 1503 640 1574 trepidationem
658 1502 737 1568 auxit,
756 1520 816 1558 cum
833 1501 961 1574 dispersos

145 1596 218 1642 onec
235 1597 343 1650 usquam
360 1579 456 1634 validos
469 1598 547 1650 pavor
558 1579 712 1652 fugientium
727 1579 861 1650 abriperet.
897 1579 963 1635 Orts

170 1660 197 1712 et
220 1656 248 1711 in
271 1656 362 1712 castris
386 1655 484 1721 seditio,
509 1657 578 1728 quod
597 1675 649 1712 non
668 1656 780 1710 universi
800 1656 961 1711 ducerentur.

170 1732 281 1787 Vinctus
299 1732 435 1803 praefectus
453 1735 593 1788 castrorum
611 1733 696 1787 Julius
717 1733 818 1798 Gratus,
840 1736 962 1803 tanquam

170 1809 245 1864 tratri
257 1809 325 1880 apud
336 1809 465 1864 Othonem
477 1809 597 1864 militanti
609 1808 778 1880 proditionem
796 1812 890 1880 ageret,
904 1827 963 1864 cum

170 1885 276 1942 fratrem
294 1885 358 1957 ejus,
377 1885 474 1940 Julium
492 1886 647 1941 Frontonem
659 1885 798 1952 tribunum,
823 1885 963 1940 Othoniani

147 1964 219 2025 tsub
237 1963 325 2020 eodem
350 1963 454 2020 crimine
477 1963 627 2018 vinxissent.
663 1963 793 2017 (laterum
816 1981 847 2017 ea
869 1963 963 2033 ubique

170 2041 279 2098 formido
296 2041 346 2096 fuit
364 2040 432 2112 apud
449 2040 585 2112 fugientes,
603 2043 774 2104 occursantes,
793 2039 820 2094 in
838 2039 898 2105 acie,
915 2057 963 2106 pro
1027 2061 1028 2064 ¹

170 2119 244 2185 vallo,
257 2123 287 2174 ut
300 2118 378 2174 deleri
387 2135 445 2173 cum
454 2117 572 2172 universo
582 2115 697 2170 exercitu
706 2115 831 2170 Caecinam
840 2115 963 2186 potuisse,

170 2196 198 2250 ni
217 2195 354 2251 Suetonius
372 2195 495 2250 Paulinus
512 2193 627 2264 receptui
643 2192 784 2256 cecinisset,
803 2192 919 2262 utrisque
936 2192 965 2246 iu
988 2254 991 2260 ‚

148 2272 286 2342 apartibus
304 2271 496 2342 percrebruerit.
532 2269 657 2324 limuisse
675 2287 702 2324 se
723 2267 845 2323 Parilinus
866 2267 965 2322 ferebat

171 2351 273 2401 tentum
291 2347 394 2418 insuper
411 2347 504 2401 laboris
522 2349 599 2416 atque
622 2345 728 2410 itineris,
754 2363 786 2400 ne
810 2344 964 2399 Vitellianus

171 2421 243 2477 miles
260 2441 347 2477 reeens
365 2440 380 2476 e
397 2423 487 2476 castris
504 2422 585 2477 fessos
602 2421 790 2493 aggrederetur,
803 2425 830 2476 et
841 2421 966 2492 perculsis

171 2497 271 2554 nullum
288 2502 358 2552 retro
376 2496 517 2552 subsidium
532 2498 607 2552 foret.
643 2497 722 2568 Apud
738 2515 831 2568 paucos
848 2497 967 2552 caducis

172 2574 240 2630 ratio
252 2573 365 2644 probatu,
378 2573 406 2628 in
416 2573 508 2645 uulgus
521 2573 625 2628 adverso
636 2591 738 2628 rumore
750 2573 807 2628 fuit.
844 2591 846 2596 ’

126 2655 165 2715 27
208 2649 288 2706 Haud
299 2649 403 2721 perinde
415 2649 441 2704 id
453 2649 573 2704 damnum
580 2649 735 2705 ¹Vitellianos
747 2650 775 2705 in
786 2652 883 2704 metum
898 2667 968 2705 com·

77 2779 81 2786 .
173 2726 239 2800 pulit
257 2745 333 2799 quam
351 2725 383 2782 ad
398 2725 547 2781 modestiam
561 2726 718 2796 composuit3
736 2744 784 2782 nee
802 2725 883 2781 solum
898 2726 969 2797 apud
