2086 3026
160 155 206 204 1⁸2
488 157 610 206 'raclii

797 223 951 271 [anema.

132 281 212 331 stum
223 273 281 330 fuit.
317 273 383 328 Tum
394 273 464 326 sorte
475 267 547 326 duoti
557 286 606 340 psr
621 283 686 339 quos
700 269 868 327 redderemur
884 272 953 327 bello

155 355 236 422 rapta,
256 351 350 422 quique
370 367 421 406 sera
440 349 525 420 legum
545 352 675 404 vetustate
695 348 798 420 delapsa
817 352 955 404 nosoerent

155 428 320 498 figerentque,
342 429 369 482 ot
392 425 480 491 fastos,
502 425 646 480 adulatione
667 429 811 496 temporum
835 424 954 491 loedatos,

156 507 329 568 exonerarent,
358 502 511 572 modumque
545 501 652 572 publicis
678 501 800 572 impensis
828 502 953 558 faeereut.

133 579 284 636 4Redditur
306 579 393 634 Tettio
412 577 517 632 Juliano
537 580 655 648 praetura,
676 582 812 649 postquam
832 579 955 648 ooguitus

156 659 196 712 est
211 655 244 710 ad
259 655 444 725 Vespmianum
458 654 618 724 ooulugisse:
638 653 735 724 Gripho
751 655 832 710 honor
848 654 953 709 mansit.

157 731 251 801 Repeti
271 729 330 786 inde
350 729 521 800 oognitionem
540 730 610 784 iuter
629 730 779 786 Musonium
802 730 904 784 Rufum
928 734 958 785 et

157 806 277 862 Publium
291 805 407 860 Celerem
423 804 526 876 plaouit,
541 805 726 876 dannatusqns
742 805 849 860 Publius
865 809 893 860 et
909 806 959 860 So-

135 883 213 939 oraui
228 882 344 938 nransbus
363 881 531 938 satisfactum.
568 882 682 953 Insignis
697 881 800 952 publiea
818 882 960 938 severitate

158 959 212 1014 dies
230 976 263 1014 ne
282 957 402 1029 privatim
421 957 523 1030 quidem
543 957 618 1013 laude
639 959 729 1013 aarum.
764 957 871 1012 Justum
892 957 960 1013 iudi-

158 1035 226 1091 eium
243 1035 359 1105 expltsse
377 1033 514 1088 Musonius
532 1032 680 1089 ridebatur:
699 1033 800 1088 divorsa
817 1033 887 1087 fama
905 1033 960 1089 De-

158 1111 250 1167 metrio
276 1111 397 1183 Oyuioarn
423 1113 519 1166 seotam
546 1109 667 1180 professo,
713 1108 765 1164 uod
790 1109 960 1164 manifestum

159 1205 231 1243 reum
257 1187 416 1243 ambitiosius
440 1204 516 1256 quam
542 1185 675 1239 honestius
696 1128 864 1240 barenses
901 1186 960 1256 Ipsi

160 1264 251 1319 Publio
265 1281 348 1335 neque
366 1263 464 1318 animum
482 1261 510 1316 in
526 1260 645 1332 perieulis
662 1278 747 1332 neque
765 1261 847 1316 oratio
862 1277 961 1332 suppe-

137 1340 259 1396 flditavit.
295 1337 375 1412 Signo
398 1337 502 1393 ultiouis
525 1337 553 1392 in
576 1343 737 1417 aoomstores
761 1337 829 1402 dato,
850 1338 919 1408 petit
944 1357 962 1393 a

160 1416 260 1470 (lassare
280 1415 373 1470 Junins
394 1414 534 1480 Mauricus,
554 1417 585 1469 ut
605 1414 843 1469 oommentariorum
862 1414 962 1484 prinsi-
1031 1423 1032 1430 ’

159 1491 253 1561 palium
272 1493 426 1578 potestatem
445 1491 545 1545 senatui
565 1490 669 1556 labaret,
688 1508 735 1560 per
755 1507 818 1561 quos
839 1493 962 1546 nosoeret

114 1644 150 1699 n
160 1565 962 1714 ffimfflssiffilssilimimlfiffl

161 1716 239 1783 tibus,
257 1716 410 1787 pulmonibus
425 1718 605 1789 jusjurandum
622 1718 746 1789 oouoepit,
764 1736 814 1789 quo
838 1719 961 1774 sertatim

161 1811 249 1850 omnes
269 1793 443 1866 magistratus,
463 1796 549 1851 satori
567 1799 599 1850 ut
616 1795 769 1852 sententiam
791 1795 960 1866 rogabantur,

162 1870 223 1927 deos
235 1874 315 1927 testes
329 1870 486 1927 advooabaut
497 1872 561 1927 nihil
572 1889 621 1943 ope
635 1890 683 1927 sua
696 1871 793 1926 fautum
807 1889 859 1942 qno
873 1872 962 1944 eujus-

163 1967 237 2022 quam
252 1948 320 2005 salus
334 1947 476 2014 luderetur,
490 1967 574 2022 neque
588 1967 616 2004 se
630 1948 760 2020 praemium
776 1951 821 2003 aul
836 1948 962 2003 bonorem

162 2043 195 2083 es
214 2025 357 2082 calamitate
363 2021 463 2080 ‘oinium
478 2025 583 2096 espisse,
597 2025 704 2096 trepidis
718 2028 746 2080 et
759 2023 837 2080 verba
852 2025 963 2096 jurisju·

161 2103 236 2160 randi
255 2121 300 2176 per
320 2103 402 2160 varias
425 2105 493 2158 artes
514 2100 680 2166 mutantibus,
702 2102 762 2171 quis
784 2100 876 2172 llagitii
898 2118 962 2156 eon·

139 2180 270 2236 isoientia
291 2180 381 2235 inerat.
417 2176 563 2234 Probabunt
585 2176 733 2248 religionem
755 2179 850 2247 patres,
874 2177 963 2248 perju·
1026 2215 1027 2224 η

176 2255 229 2309 ium
248 2255 397 2326 arguebant.
432 2254 522 2325 Elaque
539 2253 610 2308 velut
629 2269 737 2308 sensura
753 2253 782 2306 in
800 2251 963 2308 Sariolenum

164 2329 289 2384 Voonlam
308 2334 336 2385 at
356 2329 470 2386 Nonium
490 2329 624 2384 Attianum
649 2331 675 2384 et
696 2328 812 2383 Cestium
836 2328 964 2384 Severum
1025 2357 1026 2384 l

165 2403 286 2457 aosrrime
300 2404 424 2468 inoubuit,
438 2405 534 2462 orebris
551 2405 620 2476 apud
640 2404 770 2460 Neronem
789 2402 963 2460 delationibus
1025 2445 1026 2497 1

142 2477 283 2530 alamosos.
318 2477 475 2533 Sariolenum
492 2485 519 2535 et
535 2499 625 2535 reeens
645 2481 739 2535 crimes
757 2479 874 2551 urgebat,
893 2479 964 2551 quod

167 2548 235 2616 apud
246 2547 378 2602 Vitellium
394 2551 496 2608 molitus
512 2555 600 2609 eadem
619 2555 694 2610 soret.
728 2555 788 2611 Neo
804 2555 909 2610 destitit
925 2573 964 2611 se·

166 2624 244 2674 uatus
260 2637 350 2674 manus
365 2623 491 2679 intentare
506 2629 620 2694 Vocula,
636 2629 716 2685 donno
731 2631 802 2687 omia
816 2631 963 2686 affidasse.
1024 2619 1025 2663 l

167 2693 964 2778 memrmmeanumamfflmqmm
1020 2669 1024 2832 p

1019 2885 1023 2994 l
