2086 3026
316 105 511 156 osculum
538 107 640 155 ro-ls.
825 110 874 160 237

87 217 161 273 dandi
183 219 264 289 magis
288 236 364 288 quam
383 218 493 290 jubendi
515 220 653 288 potestate.
693 217 720 272 Si
743 217 894 290 displicuitt

86 293 217 362 sententia,
240 295 345 349 fremitu
367 298 535 366 aspernantur
546 315 554 360 ;
573 295 613 348 sin
636 294 739 365 placuit,
764 295 873 351 frameas

85 371 248 424 concutiunt:
266 370 489 426 honoratissimum
507 389 624 426 assensus
643 390 723 442 genus
740 375 780 426 est
796 373 871 426 armis

83 445 193 502 laudaro.
228 446 304 501 Licet
328 446 396 518 apud
420 447 553 503 concilium
577 465 697 504 accusare
721 465 821 519 quoquo
844 447 914 506 1112

84 522 216 578 discrimen
239 523 328 593 capitis
351 523 490 580 intendere.
526 524 665 580 Distinctio
688 542 817 594 poenarum
839 541 872 580 ex

83 598 183 654 delicto.
218 599 365 654 Proditores
389 604 416 656 et
439 599 586 670 transfugas
610 600 743 656 arboribus
767 619 871 672 suspen·

83 673 164 739 dunt;
181 675 285 745 ignavom
297 679 324 730 11
335 675 448 732 imbelles
465 680 492 731 11
508 693 613 746 corpore
628 677 734 731 infames
753 695 825 732 coeno
841 695 871 733 ac

82 751 180 821 palude,
192 751 285 822 injecta
296 752 399 824 iusuper
411 756 490 817 crate,
501 756 627 823 mergunt.
657 753 799 808 Diversitas
812 773 870 824 sup
880 763 895 809 2

82 827 150 898 plicii
166 828 226 883 illuc
241 828 353 899 respicit,
372 833 494 898 tanquam
511 831 607 883 scelera
626 829 727 884 ostendi
745 834 870 900 oporteat,

82 903 142 959 dum
159 905 308 974 puniuntur,
332 905 431 974 flagitia
450 903 578 959 abscondi.
616 903 666 958 Sed
688 907 715 958 et
735 905 871 961 levioribus

82 980 180 1036 delictis
191 998 238 1050 pro
249 979 324 1034 modo
336 998 425 1048 puna:
444 997 565 1049 equorum
582 997 751 1048 pecorumque
767 999 872 1036 numero

82 1057 192 1111 convicti
202 1055 352 1109 multantur.
388 1055 452 1108 Pars
469 1055 556 1109 multae
571 1055 627 1124 regi
638 1055 679 1109 vel
695 1055 799 1120 civitati,
813 1075 871 1126 pars

81 1132 132 1202 ipsi
143 1132 188 1202 qui
198 1130 350 1195 vindicatur,
363 1131 405 1184 vel
416 1130 564 1200 propinquis
576 1134 639 1198 ejus,
653 1130 801 1185 exsolvitur.

117 1207 256 1277 Eliguntur
271 1207 299 1260 in
314 1206 404 1260 iisdem
420 1206 531 1278 conciliis
548 1209 575 1261 ct
595 1206 729 1276 principes,
751 1207 795 1277 qui
813 1207 894 1277 juras

82 1301 129 1354 per
140 1301 218 1354 pagos
229 1283 349 1354 vicosque
361 1281 479 1338 reddunt.
515 1283 625 1338 Centcni
636 1282 742 1353 singulis
755 1301 788 1338 ex
800 1283 872 1353 plebe

82 1359 196 1424 comites,
215 1359 347 1415 consilium
363 1359 439 1414 simul
455 1363 482 1414 et
498 1359 645 1425 auctoritas,
662 1360 763 1414 adsunt.
800 1359 917 1414 Nihill3

82 1439 168 1491 autem
191 1455 274 1507 noque
297 1436 405 1508 publicu.
425 1455 508 1509 neque
528 1436 636 1508 privata
656 1436 694 1492 rei
712 1436 762 1492 nisi
782 1437 873 1492 armati

82 1515 170 1583 agunt.
206 1513 257 1568 Sed
280 1531 349 1568 arma
372 1533 473 1570 sumere
495 1531 548 1568 uon
570 1516 630 1568 ante
649 1513 767 1584 cuiquam
786 1515 871 1580 moris,

82 1607 159 1659 quam
182 1589 271 1645 civitas
296 1591 462 1647 suffecturum
485 1590 638 1662 probaverit.
677 1591 743 1646 lum
766 1591 872 1662 inipso

82 1665 188 1722 coneilio
200 1667 242 1722 vel
257 1667 400 1738 principum
417 1667 507 1738 aliquis
523 1667 564 1722 vel
580 1671 653 1736 pater
664 1667 704 1722 vel
716 1669 872 1739 propinquus

10 1813 11 1816 Ἰ
82 1744 156 1796 scuto
180 1741 325 1813 frameaque
346 1745 465 1814 juvenem
489 1747 588 1798 ornant.
636 1744 701 1798 Haec
725 1745 793 1815 apud
816 1744 896 1801 illesa

77 1819 151 1887 toga,
165 1817 208 1871 hic
223 1818 319 1886 primus
333 1819 447 1888 juventu
462 1819 558 1884 honos;
578 1822 637 1872 ante
652 1819 701 1873 hoc
712 1819 802 1874 domus
814 1837 873 1889 pars

47 1944 53 1956 ,
82 1893 211 1957 videntur,
224 1911 284 1946 mox
295 1894 446 1963 reipublicae.
482 1894 595 1964 Insignis
606 1893 733 1958 nobilitas,
747 1899 792 1948 aut
804 1913 873 1964 meg-

81 1985 117 2022 na
136 1971 238 2038 patrum
255 1968 354 2034 merita,
366 1969 487 2039 principis
500 1969 671 2040 dignationem
683 1971 761 2026 ctiam
777 1969 874 2023 adoles-

82 2043 193 2100 centulis
212 2043 358 2114 assignant:
378 2045 477 2100 cacteris
495 2045 681 2102 robustioribus
702 2063 732 2101 ae
749 2046 802 2116 jam
820 2045 873 2114 pri·

82 2120 140 2176 dem
162 2120 275 2190 probatis
295 2124 475 2192 aggregantur.
512 2121 568 2176 Nec
588 2121 666 2176 rubor
683 2123 751 2176 inter
768 2121 896 2176 comitest

81 2197 170 2267 aspici.
207 2197 307 2252 Gradus
326 2197 387 2267 quin
405 2197 482 2252 etiam
498 2197 553 2268 ipsc
574 2197 710 2252 comitatus
728 2197 815 2260 habet,
832 2199 875 2266 ju-

83 2273 149 2328 dicio
162 2275 217 2343 ejus
227 2291 302 2344 quem
311 2276 442 2328 sectantur
449 2296 457 2340 ;
475 2292 616 2345 magnaque
627 2278 654 2330 ot
666 2275 788 2330 comitum
798 2292 875 2328 aemu·

82 2349 153 2414 latio,
174 2349 265 2420 quibus
285 2349 381 2420 primm
405 2349 473 2420 apud
494 2351 634 2422 principem
654 2370 729 2406 suum
748 2351 827 2419 locus,
847 2353 875 2406 11

82 2425 235 2496 principum,
251 2427 294 2482 cui
309 2426 412 2498 plurimi
427 2430 454 2482 et
466 2428 580 2482 acerrimi
592 2429 703 2484 comites.
740 2429 805 2484 Haec
819 2427 899 2500 dig-s

82 2501 160 2567 uitas,
171 2503 210 2558 bre
219 2503 295 2570 vires,
304 2521 397 2575 magno
411 2522 510 2576 semper
518 2504 655 2561 electorum
663 2509 788 2576 juvenum
800 2505 876 2576 globo

84 2577 252 2646 circumdari3
272 2580 300 2635 in
317 2599 379 2652 pace
400 2580 486 2650 decus,
502 2581 530 2637 in
547 2582 612 2638 bello
629 2582 783 2654 praesidium.
819 2581 876 2638 Nee

84 2653 168 2709 solum
191 2655 219 2712 in
242 2675 289 2712 1111
305 2661 383 2728 gente
402 2658 501 2731 cuique,
525 2659 571 2718 scd
587 2660 655 2732 apud
672 2661 791 2717 finitimas
815 2673 878 2727 q110·
