2096 3038
192 159 239 207 142
374 175 377 181 Δ
425 165 428 173 “
526 153 646 204 ΤΑΟΙΤΙ

822 217 857 266 [Α.
868 215 896 256 u.
907 217 934 258 o.
945 217 993 259 aas.

190 267 226 324 ltt
237 265 372 322 Flavianus
383 263 511 321 exereitus
522 266 631 321 immane
643 267 767 337 quantum
778 265 862 321 animo
875 267 995 322 exitium

193 343 310 399 Valentis
332 346 363 398 ut
384 344 459 398 linem
477 341 537 397 belli
561 343 665 413 neaspit.
701 343 787 398 Natus
811 345 867 397 erat
888 343 994 399 Valens

170 419 322 492 aAnagniae,
334 419 446 490 equestri
458 418 559 473 familia.
594 418 694 473 Procax
707 417 827 483 moribus,
840 435 929 488 neque
949 421 995 474 ab·
1030 445 1031 450 ¹

192 496 284 551 surdus
296 495 405 566 ingenio,
418 496 511 550 famam
525 493 677 550 urbanitatis
693 513 740 566 per
750 495 879 549 lmeiviam
890 499 994 565 petere.

159 571 164 580 “
191 571 303 627 Ludioro
326 571 449 642 juvenum
477 570 525 626 sub
549 570 652 626 Nerone
675 571 745 626 velut
769 587 801 625 ex
822 572 991 638 nenessitate‚

192 663 252 701 mox
270 651 360 718 sponte
377 645 467 701 mimos
485 647 607 714 actitavit,
625 648 689 702 saite
706 647 787 718 magis
805 665 881 718 qnam
897 647 991 716 probe.

171 722 307 792 sisegutus
318 721 425 792 legionis
434 726 461 777 et
473 722 537 777 fovit
545 723 695 794 Verginium
706 727 732 778 et
744 722 884 777 infamavit.
922 723 992 778 Fon-

192 797 272 852 teium
291 797 440 868 Capitonem
454 802 610 868 comptum,
624 817 670 854 seu
686 800 745 870 quia
763 817 926 869 eorrumpere
945 819 992 854 ne-

193 874 316 944 quiverat,
335 873 471 928 interfecit.
507 875 593 930 Galba
610 875 732 946 proditor,
749 875 855 930 Vitellio
873 874 945 930 fidus
964 879 992 930 et

194 949 299 1004 aliorum
314 949 420 1020 perfidia
436 949 587 1005 illustratus.

148 1019 187 1079 63
229 1025 346 1097 Abrupta
372 1025 484 1097 undique
507 1044 559 1096 spe,
580 1027 732 1082 Vitellianas
756 1025 835 1091 miles,
859 1027 991 1082 transitu-

193 1121 237 1158 rus
248 1104 276 1158 in
287 1107 381 1173 partes,
393 1102 419 1158 id
431 1121 530 1174 quoque
548 1121 600 1157 non
611 1103 665 1158 sine
677 1103 774 1169 decore,
788 1103 832 1158 sed
845 1103 894 1158 sub
905 1105 991 1174 signis

193 1179 343 1250 vexillisque
365 1179 393 1233 in
416 1178 545 1250 subjectos
570 1179 673 1234 Narnia
697 1197 800 1250 eampos
824 1179 988 1235 descendere.

193 1256 327 1310 Flavianus
339 1255 473 1320 exereitus,
485 1257 516 1308 ut
528 1253 560 1308 ad
569 1255 683 1324 praelium
694 1255 808 1310 intentum
820 1259 988 1327 ornatusque,

172 1331 278 1391 adensis
290 1331 357 1386 eirea
373 1331 439 1385 viam
454 1329 584 1384 ordinibus
597 1330 739 1386 adstiterat.
775 1331 883 1402 Aooepti
894 1332 923 1385 in
935 1351 989 1386 me-

194 1407 263 1460 dium
278 1406 416 1470 Vitelliani,
435 1409 461 1460 et
480 1405 648 1475 emeumdatos
665 1407 767 1462 Primus
785 1407 913 1462 Antonius
933 1408 985 1462 ele-

193 1485 292 1536 menter
305 1482 448 1553 alloquitur.
485 1482 549 1536 Pars
561 1481 673 1551 Narniae,
684 1501 743 1554 pars
758 1483 912 1539 Interamnae
927 1484 988 1539 sub

194 1558 283 1613 sistere
304 1558 376 1630 jussi.
423 1557 531 1614 Belieta
555 1557 630 1613 simul
653 1577 668 1614 e
691 1560 838 1616 vietrioibus
862 1559 986 1630 legiones,

194 1651 276 1703 neque
292 1633 480 1706 quiessentibus
501 1649 591 1705 moves
610 1637 638 1690 et
658 1635 779 1692 adversm
801 1636 988 1692 oontumaniam

172 1710 289 1768 tvalidae.
324 1711 387 1764 Non
404 1709 511 1764 omisere
531 1727 577 1780 per
597 1727 641 1766 eos
662 1711 716 1766 dies
735 1712 836 1767 Primus
856 1729 885 1767 ae
901 1711 988 1768 Varus

195 1787 288 1842 enebris
309 1786 405 1840 nuntiis
425 1786 533 1840 salutern
553 1789 580 1841 et
595 1788 728 1858 pennulam
746 1792 774 1844 et
793 1791 892 1844 secreta
910 1787 987 1842 Gam-

194 1871 277 1940 paniae
304 1869 395 1924 offerre
420 1868 534 1934 Vitellio,
565 1869 595 1934 si,
625 1871 716 1941 positis
741 1872 825 1937 armis,
856 1889 934 1942 seque
958 1889 988 1927 aa

172 1943 287 2002 aliberos
304 1961 364 2000 suos
383 1943 539 2016 Vespasiano
556 1947 722 2017 permisisset.
758 1947 792 2003 In
808 1947 917 2002 eundem
933 1965 987 2002 mo·

195 2021 256 2077 dum
279 2025 306 2077 et
326 2021 463 2076 Munianus
487 2023 628 2093 composuit
652 2023 790 2094 epistolas3
820 2023 911 2095 quibus
934 2023 986 2094 ple-

195 2117 302 2170 rumque
330 2098 409 2154 fidere
441 2097 569 2164 Vitellius,
597 2117 627 2154 ae
654 2099 686 2155 de
715 2117 821 2156 numero
849 2117 986 2165 serrorum,
1030 2105 1031 2112 ’

196 2175 318 2231 electione
343 2175 455 2242 litonum,
482 2174 559 2245 loqui.
617 2175 701 2232 'lanta
727 2176 834 2248 torpedo
861 2177 988 2232 invaserat

197 2251 307 2306 animum
320 2255 358 2319 ut,
369 2252 393 2306 si
408 2251 549 2322 prinoipem
566 2267 625 2306 euru
638 2252 718 2308 tuisse
734 2253 819 2308 eaeteri
834 2271 886 2308 non
901 2251 988 2307 memi-

152 2326 301 2394 64nissent‚
331 2327 386 2398 ipse
415 2327 613 2382 oblivisceretur.
657 2330 694 2384 At
723 2330 846 2400 primores
876 2328 987 2384 mutatis

197 2401 312 2456 Flavium
325 2401 453 2464 Sabinum,
464 2402 613 2472 praefeetum
624 2404 703 2470 urbis,
717 2406 822 2461 seeretis
830 2403 987 2460 sermonibus

196 2476 344 2539 incitabant,
359 2477 473 2530 vietomae
487 2478 611 2549 famaeque
629 2485 727 2550 partem
739 2484 889 2552 capesseret.
923 2481 987 2536 usse

197 2549 235 2604 illi
257 2550 387 2619 proprium
406 2551 513 2604 militem
537 2555 678 2609 cohortium
698 2557 859 2624 urbanarum,
879 2574 926 2612 nee
945 2555 988 2612 de-

198 2624 299 2678 futuras
317 2624 424 2694 vigilum
447 2626 572 2692 cohortes,
593 2631 697 2686 servitia
719 2633 840 2703 ipserum,
861 2632 988 2686 fortunam

177 2699 317 2768 apartium,
330 2703 357 2754 et
374 2699 458 2754 omnia
474 2717 555 2770 prona
570 2703 716 2762 detonbns.
752 2707 795 2762 Ne
811 2707 922 2762 Antonio
935 2707 988 2762 Va·
1030 2725 1031 2772 l
