2104 3022
200 109 249 158 w
536 107 657 158 ndum

175 218 321 284 fflelisies,
341 217 540 274 Nuheunrrolos.
580 217 658 289 Apud
674 216 867 275 Nmuovdor
884 219 1006 290 seuque

200 294 328 366 religionis
339 294 412 350 luens
424 293 576 350 ostenditur.
612 293 736 350 Prusidet
749 293 864 350 eeeerdos
878 294 1005 351 muliebri

200 375 307 436 eruetu;
333 369 378 424 eed
396 369 465 434 deos,
485 369 695 439 interpretatione
716 369 840 434 Romanu
862 369 1003 429 Castorem

200 444 380 516 Polluoernqne
391 452 539 500 memorent.
575 446 616 499 Es
625 445 664 500 vis
678 444 792 500 numini:
810 462 904 502 nomen
916 445 1002 505 Adsis·

176 519 280 575 ⁵Nidlu
295 520 436 588 simuleore,
446 520 546 576 nullum
562 521 703 592 peregrine
714 521 903 590 superstitionis
920 522 1001 578 vesti·

200 597 278 666 giunn
315 595 354 650 Ut
372 597 464 651 fratres
475 599 569 662 tumen,
582 601 612 652 ut
624 600 733 666 jnueues
745 599 906 652 venerentur.
946 597 1001 654 Ose-

199 681 283 732 tsrum
296 679 372 733 Harii
388 697 465 748 super
480 679 555 744 vires,
569 680 662 750 quibus
674 682 835 735 enumeratos
846 678 925 749 punio
938 683 1000 734 ente

199 753 307 824 poprdoe
319 754 481 820 unteooduut‚
495 758 589 823 truoee,
601 755 686 810 insitu
701 755 798 810 feritati
814 758 869 810 erte
884 774 916 811 uo
932 757 999 810 tem·

176 822 261 900 ⁶pore
272 830 454 885 lenoeinsntur.
490 831 575 900 Nigro
586 835 666 898 sente,
677 831 759 886 timete
767 847 880 901 torpore
917 833 998 886 Aua·

200 904 233 960 sd
244 906 332 976 preeliu
342 910 430 962 noetee
443 907 542 977 legunt,
553 907 657 978 ipseque
671 905 804 961 formidine
816 909 893 976 utque
905 906 999 960 umbre

199 981 285 1036 feretis
301 982 429 1037 exereitus
445 985 569 1037 terrorem
585 983 706 1047 inierunt,
722 981 793 1036 nullo
810 981 925 1036 hostium
942 1001 998 1036 sue-

215 1061 220 1072 '
240 1062 300 1114 ente
310 1075 405 1114 novum
417 1075 447 1112 ee
458 1058 529 1113 velut
540 1057 667 1114 infernum
683 1067 830 1128 aspectum:
848 1075 910 1112 num
921 1058 998 1128 primi

200 1134 228 1188 in
239 1134 356 1189 omnibus
367 1133 460 1204 prediis
472 1133 539 1190 oouii
550 1135 694 1190 vincuntur.

153 1197 193 1252 44
235 1210 316 1266 mans
333 1210 423 1281 Ligios
439 1211 570 1266 Gethones
581 1213 728 1280 regnentur,
741 1208 817 1279 poulo
828 1212 885 1278 jum
902 1208 997 1264 eddue

200 1286 253 1340 tius
268 1304 344 1357 quum
360 1289 458 1342 ooeteroe
470 1287 652 1352 Geruruuorum
667 1289 765 1358 gentes,
781 1283 894 1340 nondum
910 1288 995 1339 tumen

200 1379 278 1431 supra
289 1361 440 1417 libertatem.
476 1363 598 1420 Protinus
611 1361 702 1418 deinde
713 1361 745 1416 eb
761 1361 865 1416 Oeeeuo
877 1361 959 1432 Rugii
969 1365 995 1416 et

178 1436 332 1502 ''Lemouii3
351 1438 513 1508 omniumque
528 1439 618 1494 herum
632 1438 748 1508 gentium
763 1436 870 1508 insigne,
885 1437 996 1493 rotunde

200 1514 281 1574 sente,
295 1511 385 1566 breves
397 1513 481 1582 gledii,
495 1517 521 1568 et
533 1532 595 1586 erge
605 1533 680 1585 reges
692 1513 848 1584 obsequium.

176 1584 193 1632 2
237 1585 360 1640 Suionum
375 1587 434 1642 hine
450 1589 574 1655 civitatee,
587 1591 682 1661 ipsein
699 1592 805 1655 oeemo,
819 1592 912 1660 preter
927 1591 994 1645 viros

200 1677 320 1729 ermuque
340 1660 464 1717 elassibus
487 1664 581 1721 velent.
617 1667 711 1722 Formo
732 1666 833 1720 nuvium
855 1682 886 1720 eo
910 1665 993 1720 differt

201 1735 270 1805 quod
280 1735 401 1807 utrinque
417 1756 493 1806 prore
506 1743 621 1811 peretum
637 1761 736 1814 semper
752 1740 870 1812 appulsui
884 1741 993 1796 frontem

200 1811 262 1882 egit.
300 1811 357 1867 Nee
378 1813 440 1869 velis
460 1815 645 1884 ministrantur,
664 1835 712 1874 nee
731 1835 815 1873 remos
834 1817 862 1871 in
881 1816 992 1871 ordinem

199 1887 322 1944 luteribus
340 1889 498 1962 adjungunt:
517 1893 638 1960 solutum,
655 1898 686 1950 ut
703 1895 730 1949 iu
748 1892 898 1965 quibusdum
915 1893 992 1948 flumi-

200 1983 269 2032 num,
282 1968 309 2020 et
321 1966 451 2032 mutabile,
461 1971 492 2024 ut
503 1987 544 2024 ree
554 1970 644 2040 possit,
652 1971 713 2026 hine
721 1969 762 2026 vel
773 1969 842 2024 illiue
852 1969 990 2040 remigium

177 2039 250 2096 ³Est
267 2041 335 2112 apud
349 2042 407 2097 illos
423 2046 450 2098 et
466 2045 557 2114 opibus
573 2045 661 2112 honos,
679 2063 760 2118 eoque
774 2063 842 2100 unus
858 2045 990 2115 imperitet,

200 2117 276 2172 nullis
294 2118 348 2188 jum
371 2120 570 2190 exeeptionibus,
596 2139 647 2177 non
670 2122 783 2192 precario
803 2123 865 2190 jure
882 2121 990 2192 parendi

200 2192 258 2248 Neo
275 2211 352 2262 mmo,
369 2197 401 2248 ut
419 2194 487 2264 apud
504 2199 609 2270 eeteros
631 2198 777 2263 Germanos,
796 2197 824 2252 in
844 2198 988 2268 prouisum,

201 2268 246 2322 sed
262 2269 348 2324 deuse
363 2269 411 2325 sub
429 2271 543 2336 eustode,
560 2276 587 2327 et
605 2272 706 2344 quidem
724 2289 804 2338 servo,
821 2273 881 2344 quie
897 2273 989 2330 subitus

200 2341 313 2396 hostium
325 2345 442 2400 incursus
455 2347 572 2417 prohibet
588 2349 712 2415 Ooeenus,
726 2349 808 2404 otiose
823 2366 899 2420 porro
914 2367 990 2404 erme-

176 2417 287 2468 erorum
302 2435 392 2473 munus
408 2421 483 2477 fusile
498 2423 640 2480 lasciviunt.
677 2426 813 2480 Enimvero
828 2443 911 2496 neque
923 2426 990 2481 uobi-

202 2487 252 2541 lem
264 2507 347 2558 neque
355 2492 509 2578 'ingenuum
521 2517 554 2555 ne
569 2500 716 2556 libertinum
732 2500 834 2573 quidem
846 2502 920 2556 ermis
932 2519 990 2573 pru·

201 2578 296 2631 ponere
308 2581 378 2632 regu
389 2569 487 2625 utiliter
499 2577 547 2628 est.
579 2589 588 2602 *

156 2629 193 2684 45
237 2635 319 2693 Tenue
331 2638 438 2698 Suiones
450 2645 519 2703 diod
529 2667 606 2718 mere,
616 2651 717 2723 pigrum
726 2669 756 2710 so
766 2670 846 2725 prope
854 2653 991 2722 immotum,
