2086 3026
79 198 104 240 L
114 199 134 240 D
149 197 190 249 ⁷⁰]
250 133 502 186 maronianum
520 135 563 187 IV.
581 138 684 185 52-55.
825 137 869 186 191

77 250 181 321 aurique
193 247 272 320 stipes
284 250 311 306 et
325 246 484 304 metallorum
498 247 623 317 primitie,
636 245 713 302 nnllis
727 245 871 302 fornacibus

75 325 157 390 ricta,
178 324 224 379 scd
243 327 274 379 ut
299 324 448 395 gignuntur.
483 323 629 379 Predixere
652 323 817 394 Haruspices,
838 332 896 379 nec

75 403 243 456 temeraretur
255 417 319 471 opus
331 417 393 454 saxo
411 416 511 464 aurove
524 399 552 455 in
568 399 638 455 eliud
655 399 791 454 destinato
826 399 871 454 ai-

75 476 161 532 titudo
172 476 268 532 edibus
285 475 392 548 adjecta
428 475 460 530 id
477 475 559 530 solum
575 475 664 547 religio
680 491 799 530 annuere.
835 475 871 530 nt

75 553 167 624 prioris
179 553 268 624 templi
279 552 472 624 magnificentia
483 551 594 608 demine
606 551 739 608 creditum.

111 628 209 684 Audita
225 629 328 684 interim
345 647 392 699 per
409 627 503 684 Galbae
523 628 721 700 Germaniasque
736 644 806 683 mora
824 626 869 682 Vi·
880 627 918 683 54

74 705 138 760 tellii
163 705 334 776 duplicaverat
359 705 460 760 bellum.
497 704 565 759 Nam
588 705 685 770 Uirilis,
704 704 799 760 ombsa
819 703 871 759 dis-

75 781 242 848 simulatione,
258 783 287 837 in
303 782 430 852 Populum
450 781 594 836 Romarm
611 799 693 836 ruere.
727 781 871 836 V'telliena

74 857 188 926 legiones
206 858 248 913 vel
271 861 404 912 externum
425 857 563 922 servitium,
589 875 664 927 quam
687 857 871 926 Imperatorem

75 935 269 1004 Vespasianum,
281 935 363 989 malle.
400 933 466 988 Galli
480 934 637 988 sustulerant
648 934 752 999 animos,
765 934 895 990 cardena

74 1009 171 1080 ubique
191 1011 349 1065 exercituum
368 1013 515 1064 nostrorum
534 1011 663 1064 fortunam
682 1010 748 1064 rati:
766 1010 871 1080 vulgato

74 1101 185 1149 rumore,
211 1103 226 1139 a
250 1085 372 1139 Sarmatis
396 1085 524 1156 Dacisque
547 1085 655 1140 Moesica
677 1102 707 1140 ac
726 1085 872 1140 Pannonica

74 1159 181 1216 hiberna
201 1160 380 1216 circumsideri.
415 1161 491 1215 Paria
506 1161 538 1216 de
555 1161 688 1215 Britannia
702 1159 871 1231 tingebantur.

68 1236 127 1292 ced
147 1237 211 1291 nibil
234 1254 314 1307 aque,
338 1254 413 1306 quam
435 1236 579 1292 incendium
602 1235 721 1307 capitolii,
745 1239 776 1290 ut
796 1235 896 1296 finema

73 1312 187 1384 Imperio
206 1313 295 1368 adesse
316 1312 454 1378 crederent,
474 1313 616 1384 impulerat.
652 1312 762 1382 Captum
781 1311 872 1367 obma

73 1391 154 1446 Gallis
173 1391 278 1446 urbem:
298 1389 350 1454 sed,
372 1389 473 1461 integra
493 1389 565 1445 Jovis
589 1389 656 1455 sede,
678 1389 800 1444 mansisse
820 1389 872 1444 Im·

72 1468 179 1537 perium.
217 1465 300 1520 Patali
314 1483 381 1522 nunc
398 1467 458 1538 igne
474 1466 576 1537 signnm
591 1465 699 1522 caelestis
714 1465 759 1521 ire
774 1465 870 1528 datum

72 1547 99 1598 et
119 1543 306 1614 possessionem
326 1561 410 1598 rerum
431 1543 597 1598 humanarum
617 1541 789 1613 Transalpinis
809 1559 870 1613 gan·

72 1619 142 1674 tibns
166 1619 291 1690 portendi,
315 1620 496 1690 superstitione
518 1637 584 1676 vana
606 1619 712 1676 Druidae
736 1619 868 1675 canebant.

71 1693 266 1766 Incesseratque
292 1695 365 1761 fama,
391 1697 514 1767 primores
539 1696 684 1762 Galliarum,
710 1697 741 1752 ab
766 1696 895 1752 meones

72 1770 195 1826 adversus
220 1771 354 1826 Vitellium
379 1773 477 1834 missos.
506 1776 641 1846 numquam
667 1772 867 1843 digrederentur,

72 1847 208 1916 pepigisse,
225 1865 257 1902 ne
273 1848 390 1904 deessent
407 1849 526 1914 libertati,
543 1849 566 1903 si
582 1849 708 1918 Populum
725 1850 869 1904 &manum

73 1922 196 1976 continua
212 1921 335 1977 bellorum
353 1925 464 1979 duilium
481 1925 560 1979 series
576 1927 603 1978 et
620 1924 722 1979 interna
737 1925 804 1978 mela
820 1925 869 1979 fre-

73 1997 181 2069 gissent.
218 1999 287 2053 Ante
297 1999 381 2055 Piaeci
397 1999 539 2054 Hordeonii
556 1999 657 2064 cadem,
669 1999 733 2053 nibil
744 2000 868 2070 prorupit,
879 2007 916 2060 55

73 2091 126 2146 quo
153 2073 295 2144 conjuratio
318 2075 510 2146 intelligeretur.
544 2075 687 2130 Interfedo
713 2075 870 2142 Hordeonio,

71 2164 246 2206 commeavere
266 2151 351 2206 nuntii
368 2151 436 2206 brier
456 2149 563 2206 Civilem
583 2150 780 2221 Classicumque,
802 2149 869 2206 Prae

71 2227 410 2282 iectumnlaeibeverorum.
447 2226 575 2282 Classicus
586 2226 718 2282 nobilitate
727 2227 869 2298 opibusque

70 2306 134 2359 ante
151 2303 221 2358 alios.
257 2303 369 2376 Regium
385 2303 423 2358 illi
440 2321 521 2375 genus
538 2307 565 2358 et
588 2319 650 2374 pace
667 2303 784 2375 bellom
800 2303 869 2359 clara

70 2379 153 2450 origo.
190 2379 251 2450 Ipse
271 2397 286 2435 e
305 2379 442 2450 majoribus
466 2379 520 2434 suis
541 2379 624 2435 hostie
645 2379 738 2452 Populi
758 2379 868 2435 Romani

70 2473 148 2528 qnam
166 2455 257 2525 sedus,
271 2456 392 2528 jactabat.
427 2455 557 2512 Miserere
572 2473 629 2512 sese
643 2457 728 2512 Julian
743 2457 826 2512 'lutor
841 2460 894 2516 aa

70 2531 158 2588 Julius
174 2532 297 2588 Sabinus:
315 2533 357 2588 bic
373 2532 468 2598 Treuir,
481 2532 524 2588 hic
538 2532 678 2604 Lingonus.
714 2533 796 2590 Tutor
806 2533 870 2604 ripa

70 2609 159 2666 Rheni
184 2626 200 2662 a
223 2609 329 2664 Vitellio
354 2609 504 2679 prefectus:
524 2609 639 2676 Sabinus,
665 2627 742 2681 super
765 2609 869 2664 insitam

69 2685 219 2751 vanitatem,
238 2685 308 2741 falsa
326 2685 412 2757 stirpis
429 2685 510 2757 gloria
526 2685 721 2743 incendebatur:
740 2685 869 2758 proaviam
