2070 3204
169 147 198 194 14
501 147 622 198 asem

794 212 828 260 [A.
839 211 868 252 U.
877 211 901 252 O.
911 212 955 254 822.
1024 221 1025 240 l

166 255 284 329 cupidine
307 256 404 328 ingenii
427 257 532 314 humani
555 259 676 316 libentius
699 260 808 316 obscura
830 261 960 317 credendi.

121 333 223 392 2³Nac
242 333 329 388 deerat
347 333 508 400 Ptolomeus,
528 337 580 407 jam
597 341 624 392 et
642 337 743 392 sceleris
762 337 905 404 instinctor,
926 338 959 392 ad

166 409 234 481 qnod
242 409 360 466 facillime
372 410 404 466 ab
415 411 541 482 ejusmodi
552 417 613 468 voto
625 414 757 468 transitur.
795 413 846 470 Sed
855 414 957 470 sceleris

166 485 289 557 cogitatio
301 486 427 542 incertum
440 504 473 541 an
488 505 594 559 repens:
614 489 700 544 studia
715 489 825 544 mihtnm
838 490 892 561 jam
907 492 958 560 pri·

167 561 225 616 dem
237 580 282 634 spe
295 564 462 619 successionis
481 569 526 620 aut
542 570 633 636 paratu
651 567 770 622 facinoris
785 567 957 632 affectaverat,

166 637 194 692 in
216 638 316 704 itinere,
340 639 368 694 in
391 640 499 711 agmine,
522 642 550 696 in
573 643 726 700 stationibus
755 643 958 699 vetustissimum

166 731 291 785 quemquo
302 715 413 770 militum
424 717 525 774 nomine
539 736 639 785 vocans,
648 737 678 775 ac
686 720 808 775 memoria
816 719 959 774 Neroniani

166 791 302 846 comitatus
321 791 514 848 contubernales
539 795 704 866 appellando;
723 796 786 852 alios
810 813 956 868 agnoscere,

166 866 289 937 quosdam
307 869 443 938 requirere,
465 873 492 923 et
513 872 621 941 pecunia
638 876 683 928 aut
704 873 788 944 gotia
805 872 902 944 juvare,
919 871 958 926 in-

167 942 274 998 serendo
287 943 379 1014 sapius
391 945 506 1015 querelas
514 950 541 1001 et
549 948 680 1020 ambiguos
689 949 720 1004 dc
731 949 811 1004 Galba
819 966 957 1014 sermones,

145 1019 585 1094 aquaquealiatnrbamcntavulgi.
615 1024 959 1094 Laborcsitinerum,iuopia

166 1101 362 1162 commeatuum,
385 1097 480 1152 duritia
503 1098 602 1170 imperii
625 1101 736 1157 atrocius
760 1101 957 1172 accipiebantur,

166 1189 224 1228 cum
241 1173 387 1246 Campania
404 1173 474 1228 lacus
493 1178 520 1229 et
538 1176 640 1232 Achaim
655 1177 732 1234 nrbes
750 1177 872 1233 classibus
886 1175 958 1232 adire

166 1249 236 1304 soliti
254 1251 406 1322 Pprcuaeum
428 1254 455 1304 ct
474 1250 553 1322 Alpes
574 1256 600 1308 ct
621 1253 744 1309 immensa
761 1253 859 1310 marum
873 1253 959 1323 spatia
1013 1283 1016 1286 ·

121 1333 233 1395 24aegre
245 1326 293 1380 sub
306 1325 382 1380 armis
394 1326 559 1382 eniterentur.
595 1329 775 1401 Flagrantibus
781 1329 832 1402 jam
846 1329 958 1384 militum

167 1401 256 1456 animis
268 1401 338 1456 volnt
355 1401 423 1455 faces
442 1401 573 1459 addiderat
587 1405 697 1462 Maevius
713 1406 824 1472 Pudens,
841 1423 856 1460 e
871 1406 957 1476 proxi·

144 1476 213 1536 sinis
232 1477 356 1549 Tigellini.
392 1477 421 1532 Is
437 1478 629 1536 mobilissimum
647 1501 772 1554 quemque
789 1481 892 1554 ingenio
910 1486 956 1538 ant

166 1553 278 1623 pecuniae
299 1554 414 1624 indigum
433 1557 460 1609 ct
481 1555 509 1609 in
528 1575 606 1612 novas
628 1559 781 1630 cupiditates
799 1558 957 1630 precipitem

166 1629 305 1695 alliciendo,
329 1648 359 1685 cc
374 1631 496 1701 paulatim
512 1651 662 1705 progressus
680 1640 720 1690 est
737 1640 768 1692 nt
782 1653 827 1708 per
845 1635 957 1707 speciem

167 1706 281 1772 convivii,
307 1707 425 1777 quotiens
450 1707 530 1764 Galba
553 1711 621 1782 apud
644 1713 773 1768 Othonem
799 1712 955 1783 epularetur,

166 1782 265 1837 cohorti
277 1782 396 1838 excubias
413 1785 499 1856 agenti
517 1786 611 1842 viritim
626 1792 747 1844 centenos
761 1805 877 1842 nummos
892 1788 957 1844 divi·

166 1858 256 1924 deret;
274 1878 349 1930 quam
361 1860 430 1915 velut
449 1860 574 1932 publicam
586 1863 746 1936 largitionem
763 1865 833 1920 Otho
851 1865 956 1920 secreti·

166 1934 252 1990 oribus
265 1935 332 2007 apud
344 1936 457 2008 singulos
466 1939 576 2007 praemiis
585 1940 740 2006 intendebat,
750 1940 813 1996 adeo
825 1941 956 1997 animosus

166 2015 300 2085 corruptor
322 2017 353 2068 ut
377 2013 484 2069 Cocceio
507 2014 617 2071 Proculo
640 2017 801 2088 speculatori,
826 2017 857 2072 de
881 2021 956 2088 parte

164 2089 253 2145 finium
270 2108 328 2148 cum
345 2089 427 2146 vicino
442 2089 589 2162 ambigenti,
607 2093 754 2149 universum
769 2094 846 2149 vicini
864 2112 956 2166 agrum

165 2184 212 2221 sua
222 2167 330 2238 pecnnia
341 2171 455 2238 emptum
467 2167 534 2222 donc
546 2167 652 2234 dederit,
672 2189 718 2240 per
734 2169 876 2225 socordiam
890 2188 956 2240 prm-

120 2245 157 2298 25
165 2243 233 2307 secti,
247 2262 321 2313 quem
333 2243 502 2315 notapariter
514 2247 540 2298 ct
552 2245 654 2300 occulta
664 2245 793 2301 fallebant,
831 2245 882 2301 Sed
897 2250 956 2300 tum

166 2317 297 2373 ebbertis
318 2319 486 2374 Onomastum
507 2320 595 2376 firturo
615 2322 704 2378 sceleri
724 2322 845 2394 prefecit,
867 2339 883 2376 a
903 2340 955 2393 quo

165 2392 287 2448 Barbium
301 2395 438 2448 Proculum
449 2396 613 2450 tesserarium
630 2399 817 2468 speculatorum
828 2401 855 2453 ct
873 2399 955 2454 Vetu-

165 2469 232 2524 rium
250 2469 379 2539 optionem
400 2469 537 2525 eorundem
560 2472 704 2543 perductos,
725 2479 860 2547 postquam
882 2474 955 2530 vario

166 2563 281 2601 sermone
300 2545 405 2600 oalhdos
425 2545 582 2619 audacesque
603 2551 730 2622 cognorit,
751 2552 834 2623 pretio
854 2554 880 2607 et
897 2569 954 2622 pro-

165 2623 249 2678 missis
271 2625 367 2687 onerat,
390 2621 450 2677 data
469 2625 576 2692 pecunia
597 2625 629 2680 ad
646 2628 827 2696 pertentandos
843 2627 955 2699 plurium

142 2700 270 2762 nanimcs.
307 2699 447 2767 suscepere
466 2698 518 2753 dno
534 2701 703 2771 manipulares
717 2703 851 2774 imperium
867 2702 955 2774 populi
1025 2757 1027 2796 3
