2104 3022
183 113 231 165 ets
510 107 661 158 TAOHUS

182 223 284 280 ιιιιιιιι
301 219 333 276 sb
350 219 495 292 eloquentis
511 219 673 292 antiquorum
693 222 823 276 oratomn
842 216 978 278 ιιιιιιιιι

183 315 248 355 mue.
285 297 313 352 Si
327 300 409 354 testes
427 295 611 361 desiderentur,
630 312 694 367 quos
710 295 823 366 potiores
840 292 977 350 nominabo

184 392 261 446 quom
268 373 335 445 opud
347 373 449 430 Gnaeos
460 372 666 436 Demosthenem,
675 389 750 442 quesn
762 369 977 426 studiosissunum

183 449 298 506 Platonis
316 449 456 504 auditorem
473 449 553 504 trisse
568 447 695 504 memoriae
712 445 841 518 proditum
861 447 921 502 esti
941 445 977 500 Et

184 525 275 582 Cioero
297 525 346 590 his,
364 528 394 580 ut
412 525 509 595 opinor,
527 523 611 580 verbis
634 523 721 590 refert,
741 521 889 594 quioquid'
881 540 909 576 ιιι
927 521 978 576 elo-

184 602 289 672 quentie
306 601 426 666 effeoerit,
447 600 472 654 id
492 619 520 656 se
543 618 595 654 non
614 599 746 654 rhetorum
765 598 811 657 sed
834 597 978 654 Aoudenrioe

163 677 273 746 topatiis
303 682 475 732 oonseeutnnr.
531 677 597 730 Sunt
626 675 682 730 alie
710 692 803 742 neusse
825 691 925 744 magun
949 677 978 730 et

184 769 282 824 graves
299 769 364 823 ques
378 769 397 806 s
409 752 482 808 uobis
500 752 591 823 aperiri
606 769 707 820 equum
724 754 772 816 est,
791 750 909 821 quoniam
921 751 979 820 qui-

184 825 242 882 dem
260 845 308 898 ego
322 827 376 899 jum
393 847 479 886 meum
494 846 587 884 munus
602 827 709 898 explevi,
726 829 761 894 et,
781 825 850 896 quod
869 825 932 880 mihi
950 826 979 882 in

184 903 368 962 eonsuetudine
388 909 436 971 est,
456 905 519 960 setis
542 903 636 960 ιιιιιιιιι
654 901 755 970 offendi,
774 919 846 973 quos,
867 902 890 958 si
910 902 978 958 torte

184 981 239 1036 heo
258 979 408 1048 audiverint,
428 986 526 1038 eertum
542 979 623 1036 babeo
641 977 755 1036 dioturos
771 996 822 1046 ιιιι,
835 977 922 1034 dum
909 979 978 1067 Juris

185 1060 212 1112 et
229 1056 393 1128 philosophiae
411 1057 543 1114 seientiam
559 1059 682 1128 tanqusm
698 1055 794 1112 oratori
809 1054 979 1114 neeessariam

185 1131 269 1201 nuno,
280 1133 383 1204 ineptiis
394 1134 461 1191 meis
469 1133 617 1204 plausisse?

141 1215 179 1270 88
221 1209 257 1264 Et
275 1210 445 1276 Moternns‚“
452 1209 522 1267 Mihi
538 1206 664 1280 quidem,”
676 1206 789 1278 inquit‘
790 1208 979 1278 ‘suseeptuma

187 1287 215 1342 te
229 1303 322 1342 munus
338 1285 401 1342 adeo
417 1286 545 1357 peregisse
562 1284 675 1340 nondum
685 1283 786 1350 videris,
798 1286 829 1338 ut
844 1283 978 1342 inchoasse

188 1364 296 1428 tantum,
309 1366 336 1418 et
347 1361 418 1420 velut
429 1361 538 1434 vestigia
551 1379 581 1418 ao
597 1361 750 1418 linesuseute
783 1358 882 1416 uedum
892 1363 979 1420 osten·

163 1435 256 1494 edissa
275 1437 392 1496 videaris.
428 1439 496 1498 Nem
517 1437 608 1509 quibus
628 1436 721 1500 instrui
742 1453 774 1492 ve
800 1454 842 1492 res
864 1439 978 1494 mutones

187 1512 257 1572 soliti
280 1514 332 1569 sint
353 1514 448 1580 dixisti,
469 1513 685 1584 differentiamque
708 1515 803 1570 nostra
826 1511 929 1570 desidie
951 1517 979 1569 et
1015 1525 1020 1536 “

187 1587 328 1648 ἰιιιίιιιιιι
351 1589 472 1646 adversm
496 1589 617 1646 soei-risus
639 1591 666 1646 et
689 1588 868 1652 fecundissime
890 1605 979 1644 eorum

188 1662 274 1720 studia
290 1663 485 1720 demonstrtsti:
507 1668 599 1722 eatena
619 1668 746 1736 exspecto,
763 1668 802 1732 ut,
819 1663 979 1736 quenadmo-

188 1739 336 1798 dumexte
353 1739 430 1799 (tidini
446 1740 567 1812 quidsnt
584 1739 621 1796 iili
637 1740 741 1798 scierint
759 1743 866 1796 eutnos
882 1741 979 1798 nescia*

187 1835 254 1884 mus,
262 1818 300 1872 ita
310 1817 359 1876 hoo
370 1834 471 1888 quoque
482 1831 639 1888 ooguosoam,
650 1815 741 1888 quibus
753 1817 977 1874 exercitationibus

185 1894 293 1966 juvenes
300 1897 355 1965 jorn
366 1897 393 1950 et
404 1893 490 1950 forum
501 1893 641 1964 ingressuri
656 1893 805 1950 oonfimara
820 1897 848 1950 et
859 1893 926 1950 alere
936 1893 976 1950 in·

165 1972 263 2044 ogeru
277 1989 325 2026 suu
337 1970 406 2028 soliti
423 1970 483 2026 sint.
518 1970 611 2042 Neque
627 1969 694 2025 enirn
708 1969 727 2040 †
742 1968 804 2024 dum
819 1971 978 2038 (deamat)

188 2051 244 2104 arte
255 2051 282 2104 et
294 2047 400 2102 seientia
410 2046 457 2102 sed
467 2046 543 2118 longe
553 2046 634 2118 magis
646 2045 769 2104 facultate
781 2049 808 2102 et
822 2087 829 2102 .
851 2087 859 2102 .
881 2085 888 2100 .
904 2048 978 2115 (seu)

188 2124 357 2196 eloquentium
373 2122 500 2181 eontinori
510 2141 558 2184 neo
570 2125 608 2189 tn,
621 2127 693 2196 puto,
705 2122 810 2189 abnues,
821 2124 849 2178 et
864 2122 893 2180 hi
902 2122 980 2194 signi·

187 2200 263 2258 ficare
274 2200 348 2269 vultu
359 2198 503 2257 ridentur.’'

164 2282 180 2328 4
222 2275 323 2335 Deinde
334 2294 392 2332 oum
404 2276 473 2346 Aper
491 2291 592 2346 quoque
603 2275 630 2331 et
645 2273 781 2332 Secundus
795 2273 860 2330 idem
879 2274 980 2330 annuis-

187 2357 253 2418 sent,
271 2351 391 2415 Messala.
404 2351 477 2422 quasi
487 2368 576 2404 rursus
588 2350 726 2420 incipiens:
747 2353 762 2380 “
769 2350 897 2410 Quoniam
908 2350 981 2406 initis

186 2431 214 2482 et
226 2428 323 2482 semina
333 2427 427 2482 veteris
443 2426 593 2497 eloquentie
610 2426 673 2482 satis
686 2425 873 2484 demonstrasse
885 2426 979 2494 videor,

187 2500 300 2558 docendo
317 2501 409 2572 quibus
421 2501 519 2558 ortibus
535 2502 634 2574 antiqui
652 2505 766 2558 oratores
781 2502 883 2558 institui
898 2502 981 2558 erudi-

187 2575 259 2648 rique
277 2576 346 2630 soliti
360 2577 420 2644 sint,
432 2595 569 2648 persequar
586 2595 654 2634 nuno
672 2578 867 2636 exercitationes
884 2596 980 2634 eorum.

162 2655 177 2702 t
190 2656 341 2728 Quanquam
352 2651 414 2721 ipsis
427 2652 526 2713 artibus
537 2653 605 2720 inest
619 2653 776 2720 exercitatio,
789 2672 836 2713 nee
848 2655 982 2730 quisquam
