2104 3022
93 165 118 203 A.
127 162 149 200 c.
159 163 190 199 ⁵⁵¹
201 161 227 199 Δ.
237 159 262 197 D·
274 91 513 203 issi-imcom
533 89 633 139 11-15.
839 80 885 128 26³

17 281 20 288 Ι
97 213 159 282 perii
182 225 287 264 munera
306 211 412 279 impigre
433 205 535 271 obeunt,
556 201 579 256 si
597 197 695 268 injuriae
715 191 813 248 absint:
839 189 885 243 bas

97 305 161 354 agre
178 286 295 353 tolerant,
308 289 363 356 jum
380 282 469 339 domiti
486 283 516 334 ut
534 277 645 349 pareant,
658 269 770 327 nondum
786 269 817 320 nt
833 276 958 319 ser-euc-

97 363 172 418 viena
209 362 293 432 Igitur
315 361 412 432 primus
429 357 541 412 omnium
559 354 731 408 Romanorum
749 343 822 398 divus
840 341 884 394 Ju·
909 317 953 408 {⁹}

97 439 145 494 lius
157 456 216 493 curn
227 437 341 492 exercitu
351 435 510 491 Britanniam
522 432 659 501 ingressus,
673 437 815 496 quanquam
827 435 885 488 pro-
918 417 948 459 ⁶⁵·

98 533 170 584 spero
180 531 266 585 pugna
276 513 396 568 terruerit
407 511 501 567 incolas
513 526 543 564 uc
553 507 628 574 litore
639 501 736 574 potitus
746 498 787 562 sit,
800 469 909 566 potest2

98 590 178 647 videri
195 589 335 645 ostendisse
352 589 469 660 posteris,
488 603 541 641 non
557 579 699 638 tradidisse.
735 575 799 630 Mox
820 569 910 626 bellet

98 667 187 734 ciuilia
206 666 277 720 etin
293 683 346 720 rem
369 665 495 736 publicam
512 678 586 718 versa
602 655 744 728 principum
762 648 838 713 arma,
857 665 887 702 ac

98 747 174 815 longa
191 743 283 799 oblivio
302 743 441 798 Britannia
459 741 536 796 etiam
554 739 582 792 ln
598 752 668 807 pace.
705 729 844 787 Consilium
859 725 886 780 id
913 759 916 766 .

45 861 60 884 .
100 822 173 876 divus
184 822 318 892 Augustus
327 819 440 884 vocabat,
453 815 568 872 Tiberius
580 811 741 883 pracceptum.
766 805 911 877 Agitisscl

101 898 190 952 Caium
207 897 332 951 Caesarem
344 895 375 950 de
387 893 505 949 intranda
520 887 654 945 Britannia
665 885 847 946 satisconstet,
860 879 888 934 ni

100 975 174 1030 velox
188 973 297 1044 ingenio,
314 971 412 1027 mobilis
428 967 588 1042 paenitentia,
601 967 628 1018 et
639 963 755 1032 ingentes
768 957 888 1013 adversus

102 1049 261 1104 Germaniam
280 1052 386 1104 conatis
404 1047 500 1101 frustra
517 1042 632 1097 fuissent.
668 1037 751 1092 Divus
768 1032 889 1088 Claudius
898 1051 964 1086 sac·

101 1126 289 1196 †auctoritate
308 1123 441 1195 [auctori]
466 1120 556 1192 operis,
574 1113 727 1172 transvectis
747 1108 889 1178 legionibus
906 1095 962 1184 1⁹}

103 1202 251 1273 auxiliisque
268 1205 295 1256 et
313 1202 443 1270 assumpto
460 1198 602 1266 importem
620 1209 706 1248 rerum
716 1185 889 1258 Vespasiorum
918 1193 949 1236 sa

103 1278 172 1349 quod
193 1278 295 1333 initium
317 1280 431 1333 reutnrae
454 1290 514 1329 mcx
543 1273 651 1326 fortuma
674 1266 732 1322 fuit.
780 1248 915 1317 Domite⁶

104 1358 201 1424 gentes,
224 1355 292 1425 capti
311 1371 393 1424 reges,
412 1355 439 1407 et
456 1351 613 1405 monstratus
630 1345 691 1400 fatis
710 1339 889 1412 Vespasianus.
903 1333 981 1446 lise

104 1430 280 1486 Consularium
292 1431 389 1502 primus
400 1429 483 1485 Aulus
494 1425 611 1482 Plautius
622 1420 780 1494 prepositus,
792 1434 822 1472 ae
833 1414 892 1470 sub-
901 1453 1000 1494 7964„

103 1507 164 1562 inde
187 1507 305 1563 Ostorius
329 1506 443 1578 Scapula
467 1508 576 1575 uterque
598 1500 664 1556 ballo
688 1495 822 1570 egregius;
852 1510 892 1547 re·
922 1511 965 1543 an.
1000 1488 1006 1496 '

105 1583 228 1655 ductaque
245 1584 367 1655 paulatim
383 1584 411 1639 in
428 1585 534 1638 formam
555 1577 689 1652 provincia
706 1573 820 1647 proxima
833 1585 892 1640 pars
976 1579 982 1593 ·

104 1659 252 1715 Britannice.
276 1659 372 1714 Addita
385 1661 489 1730 insuper
500 1661 678 1714 veteranorum
690 1650 794 1708 colonia.
816 1648 919 1708 cue-s

106 1735 165 1790 dam
185 1735 300 1789 civitates
322 1735 481 1805 Cogidumno
495 1734 550 1804 regi
568 1733 667 1788 donatae
681 1730 714 1799 (is
732 1727 764 1783 ad
780 1727 894 1780 moenam
919 1717 923 1726 '

105 1826 189 1878 usque
217 1809 363 1862 memoriam
392 1810 528 1863 fidissimus
556 1805 672 1875 mansit)
693 1809 731 1870 ut,
755 1805 842 1858 vetere
865 1813 895 1852 ao

104 1883 271 1958 jampridem
288 1887 391 1954 recepta
405 1884 493 1954 populi
511 1883 622 1936 Romani
638 1877 829 1938 consuetudine,
850 1875 895 1927 ha-

106 1963 180 2018 beret
202 1961 372 2015 instrumenta
392 1959 523 2014 servitutis
547 1961 574 2012 et
597 1973 679 2027 reges.
714 1954 780 2008 Mox
803 1949 920 2004 Didiust

108 2038 197 2094 Grdlus
220 2039 294 2109 parta
314 2053 330 2090 a
349 2035 475 2107 prioribus
500 2032 635 2096 continuit,
654 2029 741 2101 paucis
762 2024 897 2082 admodum

7 2155 8 2180 ι
108 2114 219 2171 castellis
237 2113 265 2168 in
285 2112 406 2168 ulteriora
420 2109 551 2182 promotis,
564 2125 610 2178 per
624 2125 680 2178 ques
695 2100 844 2159 famaeucti
860 2099 898 2154 oi·

108 2191 161 2246 ficii
176 2193 338 2262 quereretur.
373 2187 479 2244 Didium
487 2185 613 2241 Veranius
626 2181 733 2252 excepit,
744 2180 816 2250 isque
831 2177 899 2230 intra

109 2285 204 2322 anuum
216 2267 356 2322 exstinctus
365 2272 413 2321 est.
450 2262 586 2319 Suetonius
597 2261 656 2315 hine
665 2257 786 2313 Paulinus
798 2251 924 2309 biennios

108 2361 242 2414 prosperas
262 2361 304 2397 res
324 2341 420 2408 habuit,
440 2339 551 2396 subactis
571 2335 723 2400 nationibus,
743 2329 900 2402 firmatisque

109 2419 249 2490 praesidiis3
276 2436 383 2490 quorum
405 2417 497 2472 fiducia
517 2416 622 2471 Monam
645 2412 760 2479 insulam,
779 2412 810 2465 ut
833 2409 900 2464 vires

109 2496 246 2551 rebellibus
257 2496 449 2560 ministrantem,
459 2510 601 2564 aggressus,
610 2493 684 2562 terga
695 2487 820 2545 occasioni
830 2489 902 2557 pate·

110 2571 181 2664 {0}st-
216 2572 335 2644 Namque
352 2571 465 2658 absentia
480 2569 672 2641 lcgatiremoto
688 2573 767 2634 metu,
783 2561 902 2622 Britanni
912 2557 948 2612 15
1044 2623 1045 2636 ,
