2104 3022
90 204 141 246 M
154 205 196 250 w
327 141 509 192 asamona
528 141 632 190 29-82.
824 137 872 192 278

89 257 114 308 et
130 253 270 312 infestiores
286 253 402 318 Romani,
421 269 528 324 quorum
549 249 694 322 superbiam
711 248 809 304 irrutra
825 265 873 318 per

89 328 232 401 obsequium
253 333 280 386 et
303 328 452 386 modestiam
477 328 603 402 effugeris.
639 325 768 397 Raptores
791 324 870 389 orbis,

88 409 218 477 postquam
238 409 330 462 ounota
349 405 508 462 vastantibus
529 403 633 459 defuere
653 406 736 468 terrae,
755 404 782 457 et
802 401 872 456 mare

88 485 245 549 serutantur;
264 483 287 538 si
309 483 422 554 locuples
445 480 527 536 hostis
550 483 598 546 est,
621 479 696 545 avari,
719 479 742 534 si
764 496 871 549 pauper,

88 557 223 624 ambitiosi;
248 576 311 630 quos
328 577 381 614 nou
397 558 496 622 Oriens,
515 574 568 612 non
590 556 716 612 Oeoidens
735 554 872 610 satiaverit.

88 632 265 689 solemnium
282 651 343 703 opes
361 637 438 705 utque
455 633 565 704 inopiam
582 633 639 703 pari
663 633 757 687 affeetu
781 640 895 688 eonon-5

86 709 191 778 piseunt.
227 709 343 778 Auferre,
363 709 498 774 trucidare,
519 727 615 780 rapere,
637 708 708 764 falsis
729 708 872 764 nominibus

85 785 221 855 imperinm,
239 789 323 856 atque,
344 785 388 840 ubi
409 784 570 840 solitudinem
590 785 695 850 laniunt,
718 803 808 854 paoem
829 803 872 855 ap·

84 860 184 930 pellant.
221 861 328 916 Liberos
349 861 439 932 ouique
457 878 487 915 oo
511 860 667 931 propinquos
693 877 753 914 suos
779 861 916 920 natureal

84 935 222 991 carissimos
243 955 298 992 esse
316 937 412 992 voluit:
434 937 459 992 hi
478 955 525 1006 per
542 936 655 990 deleotus
674 935 733 990 alibi
751 936 871 991 servituri
891 947 893 955 ’

83 1011 248 1066 auferuntur:
266 1016 387 1084 conjuges
402 1030 558 1083 sororesque,
571 1011 670 1066 etiamsi
685 1010 803 1065 hostilem
816 1011 871 1066 libi·

83 1085 164 1142 dinem
176 1087 306 1159 effugiant,
318 1088 419 1143 nonrine
433 1088 569 1144 amisorum
586 1091 663 1158 utque
678 1086 806 1156 hospitum
819 1087 870 1156 pol·

82 1163 193 1218 luuntur.
229 1164 302 1218 Boua
317 1164 482 1235 fortunasque
497 1164 525 1218 in
539 1164 665 1218 tributum
683 1167 813 1233 aggerant,
827 1169 895 1220 ami

81 1259 141 1296 num
159 1241 187 1294 in
203 1240 366 1296 frumentum.
403 1241 517 1312 Corpora
533 1241 589 1311 ipsa
605 1258 635 1296 ao
651 1257 741 1294 manus
759 1239 870 1294 siluisse

80 1315 212 1386 paludibus
225 1316 381 1372 emuniendis
394 1317 462 1372 inter
477 1317 582 1373 verbera
594 1334 623 1371 ao
634 1315 800 1371 oontumelias
812 1333 870 1370 oon·

16 1457 17 1462 Ἰ
80 1396 174 1450 terunt.
211 1393 281 1448 Nata
298 1393 417 1448 servituti
434 1393 559 1464 mancipia
573 1392 650 1448 semel
660 1397 779 1458 veneunt,
793 1395 876 1462 atque·

16 1477 17 1488 ¹
79 1467 182 1524 ultroa
205 1468 311 1530 dominis
335 1469 454 1524 aluntur:
479 1469 612 1524 Britannia
629 1469 779 1524 servitutem
797 1486 869 1523 suam

80 1544 193 1614 quotidie
217 1544 286 1610 emit,
305 1544 420 1616 quotidie
443 1547 534 1615 pascit.
577 1547 617 1601 Ao
640 1545 707 1601 siout
724 1545 752 1600 in
774 1544 894 1601 familias

76 1621 267 1676 resentissimus
286 1620 393 1691 quisque
413 1639 543 1678 servorum
560 1622 637 1678 etiam
655 1621 782 1679 conservis
806 1621 869 1676 ludi·

77 1695 133 1752 brio
146 1700 192 1764 est,
204 1697 241 1752 sie
252 1697 280 1751 in
290 1697 338 1751 hoe
350 1696 418 1752 orbis
436 1701 561 1754 terrarum
577 1701 664 1755 vetere
675 1698 799 1754 summoto
810 1699 869 1754 novi

75 1789 125 1826 nos
143 1776 170 1828 et
187 1773 249 1828 viles
264 1773 292 1828 in
309 1772 437 1828 excidium
454 1775 571 1845 petimur.
614 1775 707 1844 Neque
724 1775 791 1830 enim
808 1792 868 1829 arva

74 1847 151 1903 nobis
169 1852 213 1903 aut
230 1848 332 1904 metalla
349 1853 394 1904 aut
411 1853 501 1920 portus
525 1853 593 1915 sunt,
612 1850 704 1920 quibus
722 1849 867 1904 exercendis

73 1942 242 1980 reservemur.
280 1925 370 1980 Virtus
388 1942 464 1994 porro
482 1943 511 1981 ae
528 1925 621 1980 serooia
638 1925 809 1994 subjectorum
828 1924 893 1994 ima

73 2003 151 2070 grata
162 2000 358 2072 imperantibus;
377 2003 404 2055 et
415 2000 586 2072 longinquitas
604 2017 634 2054 ao
645 2003 771 2056 secretum
782 2000 865 2070 ipsum

73 2093 127 2146 quo
138 2077 230 2143 tutius,
243 2095 273 2132 eo
289 2077 440 2148 suspectius.
477 2077 520 2132 Ita
535 2076 635 2132 sublata
650 2095 694 2148 spe
709 2076 796 2141 uenia,
808 2079 866 2130 tan-

71 2151 133 2206 dem
158 2153 251 2209 sumite
274 2153 392 2218 animum,
411 2157 464 2208 tam
482 2153 573 2225 quibus
591 2153 657 2208 sulus
682 2171 756 2224 quum
773 2151 865 2223 quibus

69 2229 159 2298 gloria
176 2229 304 2286 carissima
321 2233 369 2286 est.
406 2230 542 2302 Brigantes
559 2230 653 2286 femina
676 2229 740 2285 duoe
760 2239 889 2286 exureret

68 2303 206 2372 coloniam,
226 2323 372 2376 expugnare
390 2309 481 2376 eastra,
493 2324 529 2373 ao,
546 2306 597 2362 nisi
613 2306 720 2362 feturas
736 2305 764 2361 in
781 2323 866 2362 sooor-

67 2379 141 2434 diam
161 2382 288 2448 vertisset,
307 2400 399 2438 exuere
417 2384 507 2455 jugum
524 2387 645 2454 potuere:
662 2386 710 2438 nos
727 2383 821 2454 integri
838 2387 865 2440 et

64 2455 193 2513 indomiti
204 2461 230 2513 et
242 2458 384 2513 libertatem
399 2477 450 2515 non
461 2461 488 2516 iu
500 2461 671 2531 paemtentiam
686 2460 770 2526 latini,
783 2460 865 2530 primo

64 2533 165 2588 statim
177 2553 314 2606 congressu
326 2535 495 2600 ostendamus,
510 2554 572 2606 quos
585 2537 633 2592 sibi
650 2537 786 2594 Caledonia
796 2536 865 2592 viros

63 2613 227 2678 seposuerit.
264 2613 306 2665 An
329 2609 435 2665 eandem
457 2612 578 2668 Romanis
604 2614 631 2667 iri
657 2614 722 2670 bello
742 2614 910 2676 virtutem32

62 2705 150 2758 quam
175 2689 203 2744 in
225 2705 287 2758 paee
304 2685 431 2743 lasciviam
452 2687 539 2743 adessa
560 2689 681 2750 obeditis?
705 2688 807 2750 Nostin
827 2686 865 2744 illi

102 2789 165 2829 nno..
174 2791 229 2822 noir.
240 2793 268 2823 rr.
467 2779 484 2820 Φ
