2096 3038
133 211 135 219 Ι
275 143 531 191 HISTORIARUM
550 143 601 192 III.
620 145 722 191 25-80.
852 144 898 192 m

108 203 254 310 inobediat
277 254 414 319 mencio,
439 253 466 308 ni
489 253 567 308 duces
590 252 659 308 iesse
680 251 756 308 militi
779 254 806 308 et
827 251 920 308 rests

106 331 193 386 irrites
206 329 394 385 exhortationes
406 329 527 385 abnuenti
539 329 689 383 (tremonem
701 329 897 384 monstrissent.

106 405 232 462 Hormine
255 405 283 461 id
305 405 444 477 ingenium,
464 409 495 460 ut
517 404 630 460 Messala
652 404 795 468 traditan
814 404 942 474 potior28

106 493 197 544 auctor
208 489 242 544 sit
255 489 284 543 G.
298 489 404 558 Plinius,
417 489 461 560 qui
468 479 614 542 'Antonium
626 487 735 552 incuset,
744 486 813 541 bend
825 486 898 542 facile

106 565 275 630 discreverim,
288 566 338 620 nisi
355 565 421 636 quod
438 583 521 635 neque
538 564 666 619 Antonius
683 581 766 634 neque
783 563 899 618 Hormus

105 661 126 697 a·
140 643 208 697 seme
225 642 329 712 viteque
346 659 400 707 sue,
414 641 527 712 quemvis
545 641 655 711 pessimo
671 639 777 711 flagitio,
790 638 899 710 degene-

105 737 201 773 revere.
237 717 298 771 Non
315 717 367 787 jam
384 717 487 788 sanguis
505 734 587 786 neque
604 715 709 771 vulnere
725 715 918 780 nortbertum

106 794 168 864 quin
191 793 342 848 subruerent
370 793 464 847 vallum
488 795 672 862 quaterentque
695 795 789 862 portes,
814 791 897 846 innixi

103 869 216 926 humeris
228 873 255 923 et
267 886 344 938 super
354 868 471 922 iteratam
488 867 643 922 testudinem
657 867 807 922 scandentes
823 885 897 936 prens

104 948 190 1000 serent
211 943 323 998 hostium
340 943 393 997 tela
409 943 567 1013 brachiaque.
605 943 704 1013 Integri
721 960 779 998 cnm
797 943 917 1011 senodes

104 1022 241 1075 semineces
259 1037 317 1080 eum
331 1019 518 1088 exspirantibus
539 1017 684 1082 volvuntur,
702 1019 772 1074 veris
789 1037 896 1089 pereun-

103 1096 170 1150 tium
193 1096 275 1148 iorme
297 1098 324 1148 et
346 1094 416 1148 omni
436 1094 546 1164 imagine
566 1093 693 1148 mortium.
736 1095 940 1154 Acerrimum29

103 1171 188 1225 tertie
199 1169 362 1240 septimeque
373 1169 502 1239 legionum
510 1172 654 1234 certamem
672 1171 699 1223 et
708 1167 760 1224 dux
767 1170 895 1225 Antonius

104 1263 162 1300 oum
171 1244 276 1300 delectis
287 1244 450 1300 euniberibus
460 1243 547 1300 eodem
559 1243 715 1298 inenboeret.
746 1243 917 1300 Obstiuetosn

101 1322 170 1378 inter
181 1339 208 1377 se
220 1339 279 1376 cum
291 1322 417 1376 sustinere
426 1320 558 1376 Vitelliani
569 1320 704 1390 nequirent
716 1323 742 1376 et
752 1319 895 1390 superjecta

101 1397 154 1453 tels
169 1397 298 1453 testudine
314 1397 467 1462 laberentur,
480 1397 562 1466 ipsam
579 1399 707 1466 postremo
724 1394 850 1450 ballistam
866 1396 895 1452 in

101 1474 240 1530 subeuntes
252 1474 394 1544 propulere,
408 1491 465 1544 que
476 1477 507 1528 ut
519 1471 551 1526 od
563 1489 675 1543 presens
687 1471 787 1542 disjecit
799 1471 893 1528 obruit-

102 1567 151 1620 que
163 1567 226 1620 quos
238 1550 369 1615 incideret,
382 1550 420 1605 ite
432 1549 521 1620 pinnas
534 1565 563 1603 ec
575 1565 674 1603 summe
685 1547 744 1604 velli
755 1548 830 1602 ruine
847 1565 893 1604 sue

101 1626 187 1680 traxit.
223 1626 304 1682 Simul
324 1627 415 1697 juncte
443 1625 522 1680 turris
546 1623 639 1680 ictibus
663 1641 783 1680 saxomm
806 1623 914 1680 cessite

102 1701 163 1760 Qus
174 1701 310 1772 septimani
327 1701 388 1758 dum
406 1696 525 1758 nituntur
545 1700 639 1765 cuneis,
652 1699 778 1754 tertianus
797 1702 892 1755 securi-

100 1775 148 1832 bus
171 1777 310 1848 gladiisque
333 1781 433 1848 portem
456 1777 587 1848 perfregit.
631 1775 746 1832 Primum
770 1775 892 1846 irrupisse

101 1852 131 1906 0.
143 1853 279 1906 Volusium
290 1854 374 1908 tertie
390 1853 498 1924 legionis
515 1853 621 1907 militem
639 1852 707 1916 inter
725 1869 814 1906 omnes
832 1869 891 1906 euc-

101 1929 171 1992 tores
191 1931 299 1982 constet.
335 1928 363 1982 Is
382 1929 410 1982 in
427 1928 521 1984 vallum
541 1945 666 1998 egressus,
687 1926 828 1982 deturbatis
847 1926 914 1996 quit

101 2001 257 2066 restiterunt,
282 2003 433 2072 conspicuus
456 2020 534 2056 manu
561 2019 591 2056 eo
615 2019 685 2066 voce,
710 2005 786 2071 cepta
807 2006 892 2056 cestre

101 2076 274 2138 conclamavit.
310 2077 411 2143 Ceteri,
434 2077 541 2146 trepidis
562 2077 614 2147 jem
637 2075 791 2144 Vitellianis,
813 2093 891 2146 seque

101 2171 116 2208 e
139 2152 204 2206 vello
227 2152 452 2222 precipitantibus,
470 2169 614 2222 perrupere.
651 2151 800 2222 Completur
823 2151 891 2207 crede

100 2233 224 2300 qnantum
240 2228 308 2285 inter
325 2232 410 2284 castre
420 2244 556 2296 murosque
568 2227 641 2282 necui
652 2227 710 2282 fuit.
745 2229 785 2284 Ao
802 2245 890 2286 rursus
898 2237 936 2290 30

51 2310 55 2316 '
100 2323 166 2360 nove
185 2304 300 2360 leborum
319 2304 405 2370 facies,
428 2302 506 2358 ardue
525 2302 595 2371 urbis
616 2303 714 2368 mceniu,
734 2322 815 2360 saxee
835 2308 890 2360 tur·

99 2399 147 2446 res,
168 2380 257 2436 ferreti
277 2383 408 2451 porterum
427 2379 529 2450 objices,
549 2379 650 2434 vibrans
669 2379 721 2434 tels
739 2381 818 2446 miles,
840 2381 889 2436 ire-

100 2475 179 2528 quene
199 2457 389 2528 obstrictusque
409 2455 553 2512 Vitellianis
574 2455 691 2527 partibus
712 2455 890 2512 Cremonensis

99 2533 215 2604 populus,
240 2551 332 2604 magne
359 2550 417 2604 pers
444 2531 534 2600 Iteliae,
559 2537 627 2588 ststo
651 2533 679 2586 in
706 2533 807 2588 eosdem
836 2533 890 2588 dies

99 2613 212 2665 mercatu
233 2613 401 2681 congreguts3
429 2607 498 2680 quod
518 2607 692 2666 defensoribus
713 2609 834 2666 auxilium
857 2611 891 2664 ob

99 2685 294 2754 multitudinem,
307 2685 512 2758 oppugnantibus
527 2684 720 2740 incitamentum
736 2684 768 2739 ob
780 2688 894 2754 predum
