2096 3038
174 93 221 141 ιω
511 87 632 138 'raeiri

810 151 981 200 mmmm

172 201 257 257 minus
269 198 319 254 sibi
330 198 433 253 anxium
444 198 523 253 telem
535 197 672 254 amicitiam
684 216 761 270 quam
773 199 831 254 aliis
848 202 982 256 exsilium.

152 277 291 348 tDeniqua
310 275 461 342 constantia,
480 274 639 342 fortitudine,
665 275 807 332 Catonibus
832 282 863 332 et
888 279 983 333 Brutis

173 357 318 426 sequeretur
335 351 488 407 Helvidius:
506 370 536 407 sa
552 371 632 407 unum
648 369 704 408 esse
722 353 811 408 exilio
824 359 927 409 senatu
939 355 983 425 qui
1025 387 1026 394 .

174 430 250 486 simul
262 429 386 485 servierit.
423 427 535 484 Suadere
547 430 624 484 etiem
636 430 726 485 Prisco
737 447 770 485 ne
785 447 869 501 supra
887 431 982 501 princi·

173 525 233 580 pem
253 505 393 570 scsnderet,
412 523 445 560 ne
465 507 651 577 Vespasianum
671 523 758 562 senem
779 507 980 578 triumphalem,

152 591 168 640 6
172 583 296 655 juvenum
308 581 446 638 liberorum
457 585 564 653 petrem,
578 583 712 654 preceptis
724 587 867 638 coerceret.
908 585 981 644 Quo·

173 659 249 714 modo
266 659 383 730 pessimis
401 657 596 728 imperatoribus
615 659 670 714 sine
690 659 741 714 line
761 659 979 725 dominationem,
1025 669 1026 698 l

173 736 212 791 its
225 736 341 806 quamvis
358 735 469 806 egregiis
486 733 590 790 modum
608 735 733 790 libertatis
752 735 867 805 placere.
905 737 980 803 Hoec,
1025 739 1026 788 Ξ

173 811 273 882 magnis
285 812 415 882 utrimque
427 811 632 866 contentionibus
639 812 743 883 jactata,
758 811 871 867 dirersis
885 814 980 868 studiis
1025 849 1026 852 =

153 887 370 958 insumebantur.
407 887 478 942 Vicit
490 905 549 958 pars
562 905 618 958 que
636 889 722 944 sortiri
739 887 839 959 legatos
854 890 977 954 malebat,

174 964 252 1019 etiam
263 963 353 1019 mediis
365 966 467 1035 patrum
480 963 654 1020 annitentibus
669 965 780 1020 retinere
791 983 907 1020 morem.
945 967 978 1021 Et

175 1039 398 1172 ερὲςηῶᾴίςεὶφυῗί
418 1040 526 1111 quisque
549 1040 638 1096 eodem
662 1039 808 1106 inclinabat,
837 1047 918 1098 metu
942 1043 977 1098 in·

150 1135 202 1256 om
210 1120 561 1284 §liciniuffriisbiudgecreeiibbbbm
589 1193 716 1278 Pretores
725 1193 815 1261 cerarii,
829 1195 911 1264 (nam
922 1199 976 1250 tum

173 1269 978 1418 astitit,submittitis&st.

174 1439 262 1479 coram
279 1422 369 1480 consul
386 1422 543 1494 designatus,
562 1424 596 1480 ob
616 1423 819 1496 magnitudinem
839 1426 931 1480 oneris
953 1433 978 1481 et
1025 1435 1026 1486 t

174 1499 280 1555 remedii
303 1499 486 1566 difficultatem,
513 1501 621 1571 principi
644 1499 806 1556 reservabat:
835 1501 977 1557 Helvidius
1025 1493 1026 1570 i

153 1576 280 1640 sarbitrio
297 1580 402 1632 senatus
423 1575 549 1648 mendum
570 1577 678 1632 censuit.
715 1577 783 1632 Cum
803 1582 978 1650 perrogarent
1025 1575 1026 1578 ’

174 1653 316 1708 sententias
340 1652 464 1718 consules,
489 1652 624 1709 Volcatius
654 1653 819 1718 Tertullinus,
851 1655 977 1710 tribunus

153 1729 265 1800 -plebis,
289 1729 442 1794 intercessit,
463 1745 497 1784 ne
522 1729 584 1800 quid
608 1747 685 1802 super
708 1734 782 1785 tanta
801 1747 837 1796 re,
858 1732 977 1802 principe

154 1806 288 1872 sabsente,
310 1809 476 1861 statueretur.
513 1805 655 1862 Oensuerat
680 1806 815 1862 Helvidius
840 1811 872 1861 ut
900 1808 976 1879 Gepi-

173 1883 267 1942 tolium
290 1883 390 1954 publice
414 1882 602 1949 restitueretur,
632 1881 764 1954 adjuvaret
787 1883 974 1953 Vespasianus.

176 1960 240 2016 Eum
253 1960 404 2017 sententium
420 1959 621 2014 modestissimus
633 1959 740 2030 quisque
757 1958 867 2024 silentio,
882 1959 976 2016 deindo

133 2037 268 2099 loublivio
291 2036 447 2093 transmisit:
467 2036 538 2090 fuere
562 2035 606 2107 qui
629 2039 656 2091 et
681 2035 862 2090 meminissent.
909 2037 975 2092 Tum

174 2115 292 2171 invectus
311 2117 351 2170 est
369 2113 505 2168 Musonius
527 2113 613 2167 Rufus
631 2113 659 2166 in
675 2112 795 2167 Publium
813 2111 940 2178 Celerem,
961 2131 975 2167 a

175 2209 227 2262 quo
245 2193 353 2246 Baream
375 2191 498 2246 Soranum
519 2189 583 2244 falso
602 2189 749 2244 testimonio
769 2188 973 2244 circumventum

175 2267 307 2336 arguebat.
343 2267 382 2322 Ea
402 2267 548 2338 cognitione
568 2265 684 2321 renovari
705 2265 763 2321 odia
781 2266 973 2320 accusationum

154 2341 334 2404 svidebantur.
383 2343 434 2397 Sed
457 2343 513 2398 vilis
537 2346 564 2398 et
587 2359 682 2398 nocens
710 2360 769 2398 reus
794 2343 897 2414 protegi
923 2361 973 2397 non

175 2420 293 2486 poterat:
312 2415 405 2484 quippe
419 2419 508 2471 Sorani
520 2422 609 2472 sancta
626 2419 763 2484 memoria3
782 2417 857 2473 Celer
874 2419 972 2488 proies-
1025 2433 1026 2464 l

176 2507 221 2542 sus
233 2488 390 2556 sapientiam,
403 2489 462 2541 dein
473 2492 548 2544 testis
566 2493 594 2545 in
611 2493 727 2559 Baream,
740 2493 856 2564 proditor
868 2511 972 2564 corrup

154 2565 268 2628 aterque
286 2559 412 2622 amititia,
430 2561 503 2628 cujus
521 2581 549 2618 se
570 2567 723 2635 magistrum
741 2567 846 2624 larebat.
883 2569 971 2624 Proxi-
