2086 3026
81 194 106 234 Α.
117 197 141 234 Β·
154 195 196 244 tt]
247 135 502 184 HISTORIARUM
521 135 564 184 lV.
583 135 685 182 66-69.
815 135 860 181 201

78 243 163 298 laetum
180 243 301 300 militibus
317 245 385 300 idem
398 265 500 313 nomen,
520 250 596 317 atque
612 243 704 314 ipsum,
723 243 865 314 quanquam

12 347 13 368 1
77 320 203 374 Senatorii
227 321 329 386 ordinis,
357 324 390 376 ad
415 328 529 394 utraquev
548 320 635 376 munia
661 320 781 374 sufficere.
817 320 887 375 Ast

78 399 213 449 sumuntur
233 415 247 452 e
269 398 372 452 civitate
392 399 545 454 clarissimus
566 397 681 468 quisque,
705 399 732 450 et
755 395 798 450 alii
820 413 866 465 per

78 471 245 526 ambitionem.
281 473 361 528 Simul
372 474 532 545 Domitianus
550 473 735 542 Mucianusque
753 471 865 541 accinge

77 546 176 612 bantur,
195 547 288 618 dispari
307 549 405 604 aninro:
432 550 475 606 illc
494 569 539 621 spo
560 567 589 604 ao
605 552 715 618 juventa
734 565 865 618 properus,

76 623 118 678 hic
129 641 211 678 moras
223 629 334 690 nectens,
347 635 404 695 quis
418 627 568 697 flagrantem
582 625 711 690 retineret,
724 642 757 678 ne
771 623 866 678 ferocia

77 699 159 754 aetatis
176 703 202 754 et
220 701 303 770 pravis
322 701 507 772 impulsoribus,
526 703 548 756 si
564 701 703 756 exereitum
721 700 863 765 invasisset,

76 774 132 844 paci
155 774 270 846 belloque
293 777 357 831 male
385 778 536 832 consuleret.
584 777 711 846 Legiones
739 776 888 841 victrices,5

76 854 149 905 sexta
165 855 191 906 et
209 856 304 916 octava,
322 852 515 906 Vitellianarum
533 851 729 918 unetvicesima,
745 869 760 905 e
777 869 865 905 recens

76 927 225 996 conscriptis
237 926 353 993 secunda,
363 928 483 982 Penninis
493 927 670 996 Cottianisque
681 925 795 995 Alpibus,
807 944 865 995 pars

12 1057 13 1064 χ
76 1005 163 1054 monte
188 1002 271 1066 Graio,
296 1001 479 1056 traducuntur:
505 1003 573 1056 XlV
595 1002 663 1072 legio
687 1019 701 1056 e
724 1001 864 1068 Britannia,

12 1077 13 1080 ’
77 1079 192 1130 sextaae
207 1076 303 1130 decima
320 1095 352 1131 es
369 1079 493 1148 Hispania
510 1078 605 1132 accita.
640 1077 727 1147 IgItnr
741 1077 888 1130 venientisd

76 1151 203 1206 exercitus
215 1152 289 1216 fama,
303 1156 329 1206 et
342 1157 432 1223 suopte
443 1153 552 1225 ingenio,
562 1151 594 1206 ad
606 1151 707 1206 mitiora
718 1151 866 1205 inclinantes

77 1227 214 1282 Galliarum
227 1227 349 1293 ciuitates,
362 1229 390 1283 in
402 1229 496 1284 Remos
515 1246 662 1284 convenere.
698 1227 866 1282 lbeverorurn

75 1303 170 1374 legatio
193 1303 244 1358 illio
267 1305 452 1374 opperiebatur,
477 1307 599 1360 acerrimo
627 1303 777 1358 instinctore
806 1303 866 1358 belli

75 1379 158 1434 Tullio
170 1379 314 1434 Valentino.
351 1381 379 1436 Is
392 1381 513 1437 meditata
528 1382 641 1436 oratione
657 1383 756 1447 cuncta,
767 1379 888 1451 magnis?

75 1456 187 1526 imperiis
199 1457 322 1526 objectari
336 1457 418 1525 solita,
435 1459 649 1530 contumeliasque
668 1461 694 1512 et
706 1455 825 1512 invidiam
837 1457 864 1510 iu

73 1533 200 1603 Populum
221 1533 365 1589 Romanum
383 1536 487 1591 effudit:
507 1535 624 1591 turbidus
645 1533 778 1590 miscendis
800 1533 865 1589 sedi-

74 1609 194 1674 tionibus,
219 1613 245 1664 et
269 1611 396 1682 plerisque
420 1616 509 1684 gratus
533 1611 635 1668 vecordi
658 1611 783 1667 facundia.
822 1612 864 1665 ,At
874 1619 911 1671 69

74 1685 158 1739 Julius
170 1687 283 1756 Auspex,
295 1705 310 1742 e
326 1689 478 1758 primoribus
494 1689 640 1754 Remomm,
654 1688 705 1743 vim
723 1689 864 1743 Romanam

73 1761 193 1830 pacisque
212 1761 279 1816 bona
299 1763 444 1831 dissertans,
466 1767 492 1818 et
511 1765 603 1819 “sumi
623 1764 716 1818 bellum
736 1764 812 1818 etiam
833 1761 864 1817 ab

73 1835 180 1905 ignavis,
204 1838 372 1892 strenuissimi
396 1840 520 1910 cujusque
543 1839 655 1909 periculo
678 1840 741 1909 geri,
762 1839 865 1909 jamque

74 1927 152 1978 super
176 1919 253 1979 capnt
275 1911 415 1981 legiones,''
440 1915 654 1984 sapientissimum
678 1931 802 1982 quemque
825 1931 863 1967 re-

74 1984 190 2038 verentia
207 1985 313 2056 fideque,
329 1987 442 2056 juniores
460 1989 571 2058 periculo
589 2006 619 2042 ac
635 1992 713 2052 metu,
732 1988 865 2042 continuit.

74 2059 110 2114 Et
134 2059 266 2114 Valentini
289 2062 400 2116 animum
424 2062 569 2127 laudabant,
591 2062 723 2117 consilium
746 2063 865 2132 Auspicis

12 2135 13 2140 ’
74 2138 254 2210 sequebantur.
291 2140 407 2205 Constat,
421 2141 551 2196 obstitisse
563 2141 678 2195 lbeveria
696 2139 889 2210 Lingonibus-2

74 2233 125 2286 que
141 2214 209 2285 apud
230 2214 332 2281 Gallias,
351 2217 425 2287 quod,
444 2217 560 2272 Vindicis
575 2220 655 2281 motu,
675 2233 733 2270 oum
749 2215 865 2286 Virginio

74 2294 207 2346 steterant.
243 2291 377 2346 Deterruit
401 2293 534 2364 plerosque
557 2292 742 2363 provinciarum
765 2291 866 2362 aemula

73 2368 128 2422 tio:
150 2367 241 2439 “quod
256 2368 322 2424 bello
339 2371 436 2437 caput?
455 2371 522 2424 unde
535 2373 581 2440 jus
597 2369 785 2440 auspiciumque
796 2373 867 2440 pete-

12 2511 13 2520 *
75 2445 168 2499 retur?
187 2461 270 2514 quaro,
291 2445 313 2500 si
332 2449 426 2500 cuncta
446 2447 630 2516 provenissent,
651 2445 743 2512 sedem¹
755 2446 865 2516 Imperio

12 2527 13 2570 t
75 2518 190 2591 legerent
200 2521 229 2574 ?”
248 2520 370 2575 Nondum
387 2522 500 2588 victoria,
509 2521 562 2592 jam
580 2521 705 2576 discordia
720 2525 791 2576 erat:
810 2521 889 2582 aliiss

73 2594 178 2660 loedera,
199 2595 349 2666 quibusdam
365 2615 425 2668 opes
442 2598 566 2669 suesque,
584 2601 629 2652 aut
643 2601 797 2652 vetustatem
818 2597 866 2650 ori-

76 2670 151 2740 glflib
172 2689 218 2742 per
236 2672 322 2743 jurgia
340 2674 504 2749 jactantibus.
540 2674 626 2730 'lbedio
644 2673 788 2728 futurorum
805 2689 868 2742 prae·
