2070 3204
150 115 181 170 lt
399 141 402 149 ·
485 119 606 169 raom

782 182 816 230 [a
826 182 954 224 messa

148 231 245 285 mmet
266 229 397 300 ingemina
419 230 654 302 eimnmstrepitur3
683 247 736 286 nou
758 231 864 301 probris,
889 249 944 286 non

148 305 265 361 manibus
288 306 436 374 sbsbnent3
465 307 621 364 desertorem
639 306 844 378 proditoremque
861 308 944 364 inere·

148 387 218 452 pent,
233 382 303 437 nullo
319 383 420 454 proprio
436 384 540 438 erimine
556 385 619 455 ejus,
630 383 676 438 soal
694 401 763 438 more
784 383 853 456 volgi
866 403 943 440 suum

126 458 256 529 aquisque
267 459 393 530 flagitium
402 459 457 514 aliis
466 459 631 530 objeetantes.
661 460 790 514 'litianum
799 465 825 515 et
837 460 943 516 Celsum

149 535 284 606 noxiavit,
298 534 427 606 dispositis
437 537 490 607 jam
502 536 614 592 excubiis
635 537 835 608 eompressisque
855 537 942 592 militi-

149 609 205 679 bus,
217 629 281 682 quos
299 613 398 667 Annius
416 613 504 667 Gallus
521 613 633 678 oonsilio,
646 613 772 683 precibus,
788 613 942 669 auctoritate

148 687 261 753 flexerat,
277 706 309 744 ne
326 707 402 759 super
420 688 517 744 cladem
532 689 643 744 adversae
659 707 752 760 pugne
769 690 875 744 suismet
891 690 944 760 ipsi

148 764 260 820 oedibus
272 765 406 820 sevirent:
426 765 479 820 sive
487 765 546 820 finis
553 765 619 820 bello
629 765 741 820 venisset
753 785 800 820 seu
812 784 943 821 resumere

148 858 219 895 erma
235 841 346 905 mallent,
358 841 462 896 ameum
479 842 555 903 ¹vietis
573 843 601 896 in
618 860 744 898 consensu
761 842 941 898 levamentum.

126 917 364 972 nestorianistas
379 918 493 973 animus:
513 919 679 988 pretorianae
694 918 766 973 miles
780 937 832 972 non
843 919 943 974 vimute
1021 977 1022 992 p

149 1011 177 1049 se
199 993 246 1049 sed
268 993 411 1065 proditione
433 994 531 1050 vietum
554 994 685 1050 fremebat.
730 995 771 1050 Ne
795 994 943 1050 Vitellianis
1021 997 1022 1000 ’

148 1070 250 1142 quidem
261 1071 421 1126 ineruentam
432 1071 511 1126 fuisse
523 1071 662 1136 victoriam,
675 1071 749 1142 pulso
761 1071 854 1142 equite,
866 1076 944 1142 repta

147 1147 254 1220 legionis
273 1149 372 1219 ηὼς
397 1167 529 1219 superesse
549 1166 608 1203 oum
629 1149 684 1218 ipso
704 1148 806 1202 Othone
829 1148 943 1203 militum

148 1225 216 1296 qnod
239 1229 310 1280 trans
328 1225 427 1280 Padum
447 1225 541 1291 fuerit;
566 1225 652 1279 verbe
670 1225 790 1280 Moesioes
807 1225 941 1296 legiones3

147 1319 265 1372 maguam
288 1302 415 1356 exereitus
439 1306 537 1372 partem
562 1300 678 1356 Bedriaei
705 1317 873 1356 remansisse:
891 1302 943 1358 hos

148 1383 217 1433 oerte
232 1377 344 1431 nondum
360 1378 448 1441 vietus,
462 1383 489 1432 et
505 1379 527 1432 si
542 1379 580 1432 ita
597 1378 684 1443 ferret,
697 1379 829 1434 honestius
847 1379 873 1433 in
886 1381 943 1436 soie

125 1445 283 1516 speritmos.
324 1446 375 1500 His
396 1447 593 1517 eogitationibus
613 1455 700 1502 truces
722 1453 766 1502 aut
785 1447 878 1519 pavidi,
897 1468 942 1504 ex·

149 1527 230 1576 trema
242 1521 417 1592 desperatione
429 1523 461 1578 ad
472 1523 536 1578 iram
548 1525 640 1594 sepius
653 1543 730 1596 quam
741 1526 769 1580 in
779 1525 943 1582 formidinem

148 1596 351 1654 stimulabantur.

102 1675 140 1730 45
183 1676 219 1729 At
232 1673 383 1730 Vitellianus
395 1674 522 1730 exereitus
538 1675 570 1730 ad
582 1677 699 1746 quintum
713 1697 731 1732 a
742 1677 865 1733 Bedriam
877 1679 942 1750 lapi-

147 1749 205 1806 dem
223 1749 344 1818 eomedit,
362 1769 413 1806 nou
433 1752 501 1806 susis
520 1751 627 1808 duoibus
647 1755 735 1810 eadem
750 1755 792 1810 die
808 1773 943 1826 oppugne-

147 1826 243 1882 tionem
256 1831 397 1892 castrorum
409 1848 416 1892 ;
434 1827 510 1884 simul
521 1830 664 1886 volnntaria
671 1831 769 1886 deditio
782 1832 940 1903 sperabatur.

125 1904 199 1960 asad
217 1903 350 1976 expeditis,
369 1908 396 1961 et
413 1909 515 1960 tautum
533 1907 566 1961 nd
589 1908 703 1978 prelium
720 1911 837 1979 egressis,
857 1911 942 1966 muni-

147 1986 261 2038 mentum
284 1981 356 2037 fuere
379 2001 449 2038 mma
469 1987 498 2038 et
522 1984 635 2038 viatoria.
671 1985 779 2041 Postera
802 1986 851 2052 die,
870 1987 942 2042 haud

125 2059 266 2131 sambigua
277 2059 415 2115 Othoniani
424 2061 550 2116 exereitus
556 2061 702 2131 uoluntate,
711 2067 738 2117 et
748 2065 792 2134 qui
803 2065 941 2120 ferociores

147 2136 247 2193 fuerant
272 2137 304 2192 ad
327 2137 500 2208 paenitentiam
523 2138 711 2202 inclinantibus,
729 2141 806 2196 missa
827 2142 940 2214 legatio;

146 2230 193 2268 nee
205 2213 273 2284 apud
285 2213 362 2268 duces
375 2214 523 2270 Vitellianos
536 2215 680 2270 dubitatum
692 2235 742 2287 quo
754 2218 838 2274 minus
850 2237 942 2289 paoem

124 2289 320 2346 4oonoederent.
356 2290 449 2361 Legati
467 2291 595 2362 paulisper
615 2293 716 2348 retenti.
752 2295 792 2349 Ea
808 2314 849 2350 res
867 2296 941 2352 haesi-

147 2365 270 2420 tationem
284 2366 372 2420 attulit
386 2367 480 2436 ignaris
495 2368 577 2424 adhue
593 2388 625 2424 an
642 2371 830 2441 impetrtssent.
873 2374 942 2431 Mox

146 2441 252 2496 semime
262 2441 388 2511 legatione
400 2445 484 2512 patuit
493 2445 594 2500 vallum.
630 2447 696 2502 'lum
705 2449 766 2504 vieti
778 2449 941 2521 victoresque

146 2520 174 2576 in
196 2521 312 2575 luerim
334 2521 417 2586 effusi,
442 2527 536 2578 sortem
560 2525 671 2581 civilium
695 2545 823 2584 amonim
846 2531 942 2588 uisere

125 2596 236 2656 sintina
250 2597 417 2652 detmtnutes.
453 2599 549 2654 lisdem
570 2603 687 2658 tentoriis
700 2605 743 2660 alii
760 2605 877 2672 fratrum,
894 2609 941 2665 ulii

147 2673 345 2744 propinquantum
364 2673 469 2730 vulnera
492 2675 619 2732 fovebant.
656 2680 720 2750 Spes
739 2685 766 2738 et
789 2684 892 2754 praemia
911 2686 941 2742 in
