2096 3038
180 139 224 185 los
515 136 635 183 TAClTl

804 197 840 244 [Α.
851 196 878 235 U.
888 196 909 234 0.
919 195 963 236 ΒΜ,

155 251 250 304 Stante
274 246 389 318 cupidius
416 247 530 302 insolitas
557 247 701 317 voluptates
729 245 852 300 hausisse.
889 245 965 299 Circo

177 342 277 396 quoque
298 341 328 379 ao
345 323 454 378 theatris
472 327 498 378 et
517 323 661 378 amenitate
679 321 749 376 urbis
767 321 900 386 emollitos,
920 324 964 375 aut

177 400 363 457 valetudinibus
381 399 469 455 fessos.
507 400 563 465 Sed,
578 399 665 454 addito
681 399 771 470 spatio,
784 398 926 452 rediturum
938 401 965 452 et

155 479 217 533 this
233 477 310 532 robur
327 477 492 532 meditatione
510 477 577 534 belli
613 477 670 532 Nee
688 475 777 546 proeul
795 474 963 539 Germaniam,

177 553 245 609 ande
269 554 352 620 vires;
379 553 537 608 Britanniam
557 553 623 607 freto
645 551 745 617 dirimi;
770 551 847 622 juxta
870 550 965 605 Gallias

178 631 380 700 Hispaniasque;
398 628 816 700 utrinqueviros,equos,tributa;
834 628 966 699 ipsamque

176 705 278 761 Italiam
293 711 321 760 et
337 723 398 778 opes
413 705 484 760 urbis
492 729 500 772 ;
518 723 548 760 ae
564 707 586 760 si
602 705 695 760 inferre
711 723 780 758 arma
797 703 865 758 ultro
877 703 964 769 velint,

155 776 240 830 dduas
260 775 352 830 classes
373 794 530 846 saeuamque
551 775 681 846 Illyricum
704 792 781 828 mare.
818 772 888 833 Quid
908 777 965 827 turn
1041 787 1042 814 ι

177 852 288 908 elaustro
298 852 423 907 montium
434 852 590 927 profutura?
609 849 671 922 quid
687 853 799 906 traetum
811 851 838 905 in
850 853 966 906 aestatem

177 928 250 984 aliam
262 928 377 984 bellum?
395 928 462 984 unde
478 929 580 983 interim
595 928 728 1000 perunum
744 936 771 982 et
787 931 943 982 eommeatns
952 928 968 988 Ρ,

154 1006 249 1066 eduin
257 1006 342 1077 potius
351 1024 382 1061 eo
393 1007 448 1077 ipso
457 1009 598 1072 uterentiu,
606 1004 674 1076 quod
682 1004 832 1058 Pannoniae
843 1003 965 1074 legiones,

177 1083 289 1156 decepte
301 1083 381 1154 mavis
394 1101 469 1156 quarn
480 1082 562 1149 rietae,
574 1099 706 1152 resurgere
722 1080 750 1136 in
766 1080 890 1134 ultionem
907 1097 965 1150 pro-

156 1164 273 1232 7perent,
287 1159 388 1215 Moesiei
403 1157 529 1214 exereitus
546 1158 660 1228 integras
676 1157 743 1212 vires
761 1155 901 1210 attulerint.
938 1155 967 1211 Si

177 1255 297 1292 numerus
314 1237 423 1291 militum
440 1236 525 1306 potius
544 1253 619 1306 quam
634 1233 762 1306 legionum
781 1236 895 1303 putetur,
908 1231 966 1303 plus

177 1314 236 1368 hine
255 1313 361 1378 roboris,
381 1313 445 1367 nihil
463 1311 611 1377 libidinum
636 1314 663 1366 et
683 1310 809 1382 profuisse
829 1307 966 1380 disciplina

177 1391 261 1459 ipsum
273 1389 402 1459 pudorem.
438 1387 546 1460 Equites
563 1405 624 1442 vero
640 1405 673 1442 ae
690 1389 747 1441 tum
763 1385 864 1460 quidem
876 1385 966 1456 rietes,

178 1463 223 1518 sed
239 1481 382 1536 quanquam
398 1464 474 1519 rebus
490 1463 602 1520 adversis
621 1463 752 1536 disjectam
765 1461 864 1518 Vitellii
877 1462 965 1519 aciem.

156 1540 273 1595 8“Dase
296 1544 359 1595 tune
386 1541 538 1596 Pannonica
561 1559 590 1596 ae
615 1541 729 1596 Moesiea
756 1539 802 1595 ala
829 1557 967 1612 perrupere

178 1615 292 1670 hostem:
318 1634 386 1671 nune
404 1615 513 1670 sedecim
531 1615 629 1671 alarum
647 1621 783 1688 eonjuneta
800 1616 873 1688 signa
890 1615 968 1687 pulsu

180 1691 315 1762 sonituque
327 1697 353 1747 et
365 1691 432 1747 nube
444 1692 499 1763 ipsa
510 1693 625 1763 operient
635 1711 664 1748 ae
676 1692 860 1765 superfundent
872 1691 967 1749 oblitos

179 1768 322 1840 praeliomm
340 1769 438 1840 equites
455 1787 591 1840 equosque.
627 1769 688 1825 Nisi
704 1771 761 1842 quis
779 1771 882 1836 retinet,
899 1769 967 1825 idern

157 1860 268 1906 asuasor
283 1850 421 1918 auctorque
438 1847 536 1902 consilii
552 1863 603 1901 ero.
639 1847 701 1912 Vos,
715 1845 807 1918 quibus
822 1846 926 1902 fortuna
939 1847 968 1902 in

178 1922 279 1996 integro
292 1927 339 1991 est,
348 1923 460 1996 legiones
472 1923 617 1978 continete:
636 1923 699 1978 milri
711 1923 836 1994 expedite
847 1923 966 1979 eohortes

179 1999 311 2056 sufficient.
341 2001 358 2054 J
360 2019 399 2054 am
411 2004 549 2055 reseratam
561 1998 670 2065 Italiam,
683 1999 804 2070 impulsas
817 1998 915 2056 Vitellii
926 2017 968 2056 res

178 2076 294 2134 audietis.
313 2079 333 2133 J
334 2077 421 2134 arabit
433 2078 507 2148 sequi
518 2081 545 2132 et
557 2076 672 2146 vestigiis
684 2076 810 2132 simoentis
822 2075 968 2132 insistere.''

153 2154 243 2210 3Haee
252 2173 281 2211 ae
291 2155 351 2210 talia
357 2155 467 2228 flagrans
475 2154 564 2222 oeulis,
572 2153 640 2208 truei
647 2171 717 2220 vooe,
725 2171 775 2224 quo
784 2152 861 2208 latius
869 2153 970 2209 audire-

177 2234 222 2285 tur
228 2233 332 2300 (etenira
340 2250 367 2286 se
374 2232 535 2286 centuriones
542 2233 571 2284 et
578 2228 902 2300 quidammilitumeonsilio
909 2230 970 2286 mis·

178 2309 304 2376 onerant)
317 2308 355 2361 ita
366 2307 456 2362 effudit
467 2311 498 2362 ut
517 2311 605 2362 enatos
623 2323 723 2377 quoque
739 2323 769 2362 ao
780 2305 898 2378 providos
911 2324 970 2378 per·

178 2386 299 2449 moveret,
306 2382 398 2452 vulgus
408 2387 434 2437 et
446 2383 532 2436 caeteri
543 2401 623 2436 unum
630 2382 713 2438 virum
725 2381 872 2454 dudumque,
882 2387 971 2454 spreta

156 2453 284 2512 aeriorum
297 2457 412 2526 segnitia,
425 2457 541 2511 laudibus
552 2458 656 2513 ferrent.
691 2459 769 2516 Hanc
781 2459 820 2516 sui
833 2459 926 2514 famam
938 2475 971 2516 ea

180 2530 268 2583 statim
286 2531 405 2586 eoneione
422 2537 599 2599 eommorerat,
613 2551 669 2605 qun,
685 2535 798 2590 recitatis
818 2535 971 2606 Vespasiani

180 2605 302 2675 epistolis,
322 2623 373 2660 non
390 2611 421 2661 ut
441 2607 554 2678 plerique
574 2609 671 2665 ineerta
692 2611 820 2677 disseruit,
838 2612 889 2668 huo
906 2611 972 2670 illua

178 2683 309 2738 noune
329 2681 545 2754 interpretatione,
569 2689 646 2754 prout
669 2687 849 2744 oondnxisset:
880 2692 972 2759 aperte
