2086 3026
273 122 522 172 HISTORIARUM
542 123 586 170 IV.
604 123 706 169 31-34.
836 118 880 174 1⁷7

8 173 10 226 1
95 185 261 300 disbirbiriaus,
275 252 331 304 quae
343 253 401 288 mox
413 252 525 304 erupere.
561 231 656 298 civilis,
668 233 741 302 parte
752 230 927 300 copiarum233

94 314 200 377 retenta,
213 314 344 366 veteranas
354 311 477 374 cohortes,
488 313 514 364 et
527 307 595 379 quod
606 326 621 362 e
631 307 763 362 Germanis
772 305 880 363 maxima

96 392 247 458 promptum,
258 387 378 441 adversus
385 386 508 440 Voculam
521 385 709 454 exercitumque
722 383 776 454 ejus
789 382 877 448 mittit,

92 463 111 516 J
112 463 161 517 ulio
173 464 286 518 Maximo
303 465 330 517 at
343 462 448 518 Claudio
460 463 574 528 Victore,
586 461 679 516 sororis
695 479 748 515 suae
759 459 818 524 filio,
833 458 880 514 du·

92 538 170 594 cibus.
217 539 330 610 Rapiunt
357 539 514 594 intransitu
540 537 646 592 hiberna
665 537 712 592 aloe
732 535 904 606 Asciburgii2

92 615 159 681 sita;
177 615 291 685 adeoque
305 615 435 686 improvisi
448 618 531 669 castra
548 613 691 668 involavere
708 617 738 668 ut
750 612 879 680 nonullo

92 691 142 760 qui,
160 709 212 746 non
229 691 338 762 pandere
358 691 439 746 aciem
457 690 555 745 Vocula
574 690 695 760 potuerit.
731 688 764 743 Id
785 688 874 755 solum,

90 771 121 820 ut
132 767 159 822 in
171 767 291 832 tumultu,
302 767 408 832 monuit,
423 765 576 837 subsignano
587 765 667 820 milite
678 765 761 820 media
768 765 876 824 innare.

91 842 194 897 Auxilia
205 843 301 914 passim
312 842 465 898 circumfusa
477 849 544 896 sunt.
592 841 678 910 Eques
695 842 819 911 prorupit,
833 859 877 896 ex-

92 923 231 988 ceptusque
249 917 395 988 compositis
412 917 524 970 hostium
540 916 669 970 ordinibus
686 920 760 986 terga
775 917 802 971 in
817 935 876 972 suos

91 994 177 1047 vertit.
226 993 314 1046 (laedes
337 991 404 1055 inde,
429 1009 480 1044 non
507 991 628 1060 praelium.
663 993 699 1046 Et
723 993 901 1049 Nerviorumt

92 1069 216 1133 cohortes,
230 1072 301 1122 metu
313 1086 359 1122 seu
370 1067 480 1138 perfidia,
494 1067 573 1122 latera
584 1071 728 1123 nostrorum
740 1068 876 1124 nudavere.
889 1121 892 1131 ,

92 1143 135 1198 Sic
146 1143 179 1197 ad
194 1143 306 1214 legiones
324 1149 490 1214 perventum
510 1161 573 1213 qua,
591 1143 689 1198 arnissis
706 1144 794 1214 signis,
810 1145 877 1198 intra

89 1227 184 1284 vallum
202 1225 386 1290 sternebantur,
400 1244 457 1280 cum
471 1230 575 1296 repente
588 1245 654 1282 novo
671 1227 764 1282 auxilio
776 1227 879 1282 fortuna

88 1321 184 1374 pugnae
207 1305 331 1358 mutatur.
369 1303 513 1358 Vasconum
534 1303 584 1358 lact
572 1307 606 1358 tae
626 1321 642 1358 a
662 1303 742 1358 Galba
761 1303 903 1360 cobortess

86 1397 117 1434 ac
138 1382 195 1434 tum
216 1379 304 1434 aoeitae
282 1379 382 1434 aedum
400 1378 489 1434 castris
507 1380 685 1450 propinquant,
665 1380 792 1436 taudito
813 1398 876 1451 prm-

85 1455 159 1510 liant'
139 1458 205 1510 trum
231 1456 381 1523 clamores
373 1458 456 1510 rntten
444 1459 485 1510 tos
511 1456 570 1510 host
558 1459 598 1512 tes
618 1474 633 1510 a
651 1461 724 1528 tergo
743 1456 873 1523 invadunt,

84 1531 252 1602 latioremque
265 1549 339 1602 quam
351 1549 397 1602 pro
413 1550 518 1588 numero
535 1537 658 1588 terrorem
674 1533 778 1599 fuciunt,
792 1533 875 1588 slusa

84 1607 207 1675 Novesio,
220 1607 275 1662 aliis
288 1626 304 1662 a
317 1607 434 1678 Mogont
427 1627 488 1674 racc,
502 1609 632 1664 universas
645 1610 729 1680 copias
742 1575 873 1665 advenisse

84 1683 254 1740 credentibus
298 1685 326 1739 is
349 1703 418 1740 error
437 1685 507 1740 addit
528 1685 631 1751 anirnos,
653 1691 680 1742 et
701 1686 760 1741 dum
786 1686 893 1744 alienis?

83 1760 181 1814 viribus
194 1759 333 1825 confidunt,
313 1763 410 1815 tsuas
426 1780 550 1832 recepere.
586 1762 751 1817 Fortissimus
766 1763 898 1832 quisquan

83 1853 99 1890 e
123 1835 236 1900 Batavis,
257 1839 338 1905 quant
339 1855 382 1890 um
400 1837 470 1906 pedit
471 1855 514 1890 um
533 1839 596 1904 erat,
619 1837 730 1892 fundunt
718 1842 776 1892 tzur
795 1855 872 1907 eques

83 1910 167 1964 evasit
185 1927 243 1964 cum
264 1911 342 1980 signis
360 1912 523 1982 captivisque,
542 1929 605 1980 quos
623 1913 705 1982 prima
723 1914 776 1967 acie
796 1912 874 1968 curri

84 1987 202 2055 puerant.
239 1985 366 2039 (laesorum
386 2004 416 2040 eo
437 1987 524 2040 disin
543 1987 658 2056 partibus
678 1991 737 2041 nost
738 1988 773 2041 ris
792 1988 895 2057 major

82 2078 206 2116 numerus
226 2065 252 2114 et
267 2060 408 2126 imbellior;
425 2080 440 2116 e
458 2063 614 2116 Germanis'
607 2080 662 2132 rpsa
678 2063 776 2117 robora.
812 2063 920 2124 Du134

82 2139 195 2207 uterque
206 2135 261 2206 pari
279 2137 354 2208 culpa
371 2138 476 2192 meritus
493 2136 604 2203 adversa,
618 2138 744 2208 prosperis
762 2137 872 2196 defuere.
933 2157 934 2160 ’

81 2213 151 2268 Nam
182 2211 267 2266 civilis
291 2213 314 2266 ai
337 2212 473 2283 majoribus
497 2213 575 2284 copiis
599 2213 762 2270 instruxisset
785 2215 871 2282 aciem,

80 2288 211 2344 circumiri
223 2307 238 2342 a
250 2291 303 2342 tam
315 2289 402 2360 paucis
417 2290 563 2344 cohortibus
580 2291 720 2360 nequisset,
740 2295 872 2363 castraque

79 2367 204 2436 perrupta
225 2365 382 2420 exscidisset,
427 2366 525 2420 Vocula
542 2385 589 2422 nec
607 2366 743 2422 adventurn
759 2369 895 2428 hostiumr

79 2440 229 2510 exploravit,
249 2459 330 2511 ecque
349 2442 424 2497 simul
441 2461 558 2514 egressus
575 2444 708 2514 rictusque
717 2466 725 2511 ;
744 2444 802 2500 dein
819 2446 872 2501 vio·

79 2517 154 2570 toriae
173 2535 262 2586 parum
284 2519 400 2584 confisus,
421 2519 489 2574 tritis
510 2519 605 2576 frustra
624 2519 720 2587 diebus,
740 2526 824 2578 castra
843 2523 871 2576 in
892 2553 896 2562 ·

78 2593 181 2646 hostem
202 2593 289 2659 movit,
312 2613 386 2665 quam
413 2597 435 2649 si
458 2596 545 2650 statim
569 2597 697 2668 impellere
718 2615 871 2666 cursumque

78 2686 166 2723 rerum
190 2669 261 2740 sequi
285 2673 447 2740 maturasset,
472 2673 568 2730 solvere
595 2675 721 2731 obsidium
744 2675 873 2744 legionum

116 2769 174 2805 uae,
183 2769 236 2798 uon.
247 2771 276 2800 11.
463 2766 482 2804 Ν
