2096 3038
99 249 118 287 A
139 247 157 286 D
175 239 217 296 ⁶9]
272 184 524 234 HISTORIARUM
544 182 579 234 11.
598 183 700 231 85-88.
860 181 894 231 09*

99 297 221 368 ancipitia
231 297 349 352 malebat.
386 295 472 369 Igitur
487 315 588 352 movere
603 301 631 350 et
642 296 754 366 quatere,
773 291 915 363 quicquid?

100 393 211 446 usquam
232 394 327 447 aegrum
348 376 422 442 foret,
440 375 632 448 aggrediuntur.
670 371 777 443 Scriptis
792 371 820 425 in
835 371 894 428 Bri-

98 451 214 506 tanniam
226 452 258 506 ad
271 452 511 522 quartadecimanos,
523 453 550 507 in
562 450 712 522 Hispaniam
722 447 754 503 ad
766 449 894 518 primanos

99 527 221 598 epistole,
247 528 315 598 quod
346 533 454 600 utraque
481 529 548 599 legio
576 545 622 598 pro
650 526 752 580 Othone
789 523 895 580 adversa

100 604 210 658 Vitellio
229 604 320 658 fuerat.
358 606 518 676 sparguntur
538 623 583 676 per
607 603 700 658 Gabios
721 601 818 666 litcrm3
841 613 916 658 mos

102 685 241 750 mentoque
262 683 383 752 temporis
403 681 528 753 flagrabat
548 681 637 751 ingens
660 678 761 742 bellum,
785 677 894 748 Illyricis

100 757 258 812 exercitibus
285 758 368 828 palam
398 757 603 823 desciscentibus,
632 755 730 811 ceteris
765 754 894 809 fortunam

101 834 234 888 secuturis.

136 911 206 964 Dum
223 910 277 964 haec
297 929 343 981 per
361 911 502 981 provincias
521 929 537 965 a
556 909 714 980 Vespasiano
738 907 939 979 ducibusqness'l
964 905 965 910 ¹

100 987 212 1056 partium
234 991 366 1057 geruntur,
386 987 506 1042 Vitellius
528 985 697 1056 contemptior
719 985 747 1038 in
767 985 821 1039 dies
838 1003 895 1056 seg-

101 1063 217 1132 niorque,
243 1062 276 1116 ad
302 1081 389 1134 omnes
413 1063 607 1133 municipiorum
630 1061 796 1132 villarumque
820 1079 896 1115 amoe-

102 1139 198 1194 nitates
214 1139 343 1204 resistens,
360 1139 431 1210 gravi
449 1139 537 1193 urbem
555 1138 654 1208 agmine
670 1136 781 1207 petebat.
819 1137 918 1192 Sera-2

102 1215 175 1286 ginta
192 1214 270 1269 millia
286 1219 440 1268 armatorum
453 1214 630 1285 sequebantur,
643 1213 746 1268 licentia
757 1218 877 1283 corrupta
888 1233 896 1278 ;

102 1291 219 1346 calonum
236 1309 357 1346 numerus
381 1291 494 1361 amplior,
519 1290 704 1361 procacissimis
728 1289 805 1344 etiam
829 1289 897 1344 inter

103 1381 189 1423 servos
209 1368 317 1422 fixarum
339 1369 447 1439 ingeniis
458 1389 465 1433 ;
483 1372 524 1421 tot
545 1368 688 1438 legatorum
707 1366 897 1437 amicorumque

102 1444 238 1499 comitatus
261 1444 378 1499 inhabilis
408 1443 440 1498 ad
467 1444 613 1528 parendum,
642 1443 718 1498 etiam
747 1443 770 1498 si
797 1461 897 1498 summa

7 1537 8 1552 ¹
102 1520 228 1575 modestia
250 1525 390 1591 regeretur.
438 1520 585 1576 Onerabant
612 1520 800 1576 multitudinem
829 1521 919 1576 obviit

103 1615 135 1650 ex
147 1596 209 1650 urbe
226 1602 354 1651 senatores
371 1597 527 1668 equitesque,
546 1597 648 1668 quidam
665 1603 743 1662 metu,
760 1597 836 1652 multi
851 1617 897 1668 per

104 1671 281 1737 adulationem,
302 1673 387 1727 caeteri
406 1691 435 1727 ac
454 1674 577 1744 paulatim
596 1693 690 1739 omnes,
708 1693 748 1740 ne,
768 1675 823 1728 aliis
840 1693 895 1744 pro·

104 1747 285 1813 ficiscentibus,
299 1749 348 1818 ipsi
360 1755 526 1805 remanerent.
563 1751 777 1822 Aggregabantur
789 1770 803 1805 e
815 1751 921 1822 plebel

102 1825 232 1894 flagitiosa
254 1842 300 1895 per
323 1825 443 1896 obsequia
466 1826 571 1882 Vitellio
595 1828 698 1898 cogniti,
723 1847 824 1897 scurrae,
847 1829 899 1883 his·

104 1901 209 1968 triones,
222 1901 324 1972 aurigae,
334 1901 425 1974 quibus
437 1901 480 1957 ille
491 1903 658 1958 amicitiarum
667 1904 898 1960 dehonestamentis

103 1979 168 2032 mire
181 1979 315 2050 gaudebat.
352 1981 408 2036 Nec
421 1981 525 2036 coloniae
539 1981 612 2034 modo
624 1987 669 2035 aut
682 1984 825 2053 municipis,
841 1991 920 2038 oon-o

104 2058 182 2123 gestu
193 2056 330 2126 copiarum,
346 2057 391 2112 scd
402 2057 451 2128 ipsi
463 2055 573 2110 crdtores
590 2072 706 2126 arvaque,
725 2059 831 2112 maturis
846 2059 898 2127 jum

6 2199 7 2204 Ἰ
104 2131 230 2201 frugibus,
254 2138 285 2186 ut
311 2133 403 2188 hostile
433 2132 513 2186 solum
543 2131 716 2186 vastabantur.
751 2133 843 2186 Multas
872 2137 943 2190 etse

105 2211 204 2262 atroces
220 2209 287 2262 inter
299 2223 327 2264 se
346 2210 454 2264 rnilitum
473 2206 561 2274 caedes,
576 2212 635 2278 pest
652 2209 801 2262 seditionem
818 2209 900 2264 Ticini

104 2288 215 2354 emptum
238 2290 356 2340 manente
379 2285 508 2356 legionum
531 2285 732 2356 auxiliorumque
759 2284 884 2342 discordia
891 2309 898 2352 ;

105 2360 151 2415 nbi
163 2361 283 2416 adversus
296 2379 407 2432 paganos
420 2361 570 2416 certandum
587 2363 669 2431 foret,
679 2381 812 2418 consensu.
850 2363 923 2418 Sede

104 2437 215 2508 plurima
232 2441 331 2508 strages
349 2437 381 2491 ad
399 2438 536 2508 septimum
554 2438 586 2494 ab
604 2439 667 2494 urbe
690 2439 806 2510 lapidem.
845 2441 901 2494 Sin·

105 2513 173 2584 gulis
192 2513 228 2568 ibi
246 2514 368 2569 militibus
385 2514 505 2570 Vitellius
523 2520 625 2586 paratos
643 2517 712 2572 cibos
731 2523 761 2572 ut
779 2517 902 2588 gladiato·

104 2591 170 2644 riam
190 2591 303 2662 saginam
320 2591 463 2658 dividebat3
482 2597 508 2646 et
525 2593 605 2646 effusa
620 2593 705 2662 plebes
721 2594 784 2648 totis
802 2612 830 2647 se
847 2611 902 2648 cas-

7 2684 9 2700 *
105 2667 155 2720 tris
168 2667 312 2722 miscuerat.
343 2665 489 2722 Incuriosos
502 2669 595 2723 milites
609 2670 754 2734 (vernacula
764 2669 926 2724 utebantur8

105 2741 270 2814 urbanitate)
290 2743 392 2832 quidam
407 2745 555 2815 spoliavere,
576 2743 680 2800 abscisis
698 2745 786 2800 furtim
804 2744 901 2812 balteis,
