2104 3022
159 134 208 182 298
480 129 630 180 notros

193 242 230 298 nt
246 239 366 306 Mesua,
379 241 547 310 “Apertum’'
566 242 656 314 inquit,
668 245 683 274 ‘⁴
693 241 860 314 eogitstiones
877 261 957 313 mess,

160 318 183 375 si
197 318 260 374 illud
271 336 287 373 e
297 317 369 373 vobis
388 321 447 372 ente
464 318 639 388 impetravero,
652 324 683 374 ut
694 337 739 374 vos
751 337 851 390 quoque
863 337 959 375 sermo·

160 412 218 450 nem
231 395 298 449 hune
309 397 425 448 nostrum
437 395 590 463 adjuvetis.‘’

139 482 155 528 2
196 473 211 502 “
219 471 271 525 Pro
283 468 404 534 duobus,”
417 469 500 540 inquit
512 470 655 537 Maternus,
666 473 681 501 “
689 471 819 541 pmmitto.
850 471 918 526 Num
930 474 958 526 et

161 565 209 618 ego
219 551 246 601 et
258 544 389 600 Secundus
398 563 565 632 exsequemur
573 565 616 602 ess
627 551 720 617 partes,
729 565 792 618 ques
804 546 958 602 intellexeri-

161 641 218 677 mus
230 626 257 676 te
268 639 320 676 nou
330 625 384 675 tem
392 620 514 690 omisisse,
523 641 601 693 quum
612 623 684 678 nobis
697 623 835 694 reliquisse.
858 625 958 693 Aprum

162 697 229 752 euim
243 696 323 752 solere
338 695 473 752 dissentire
489 701 517 752 et
531 702 562 752 tu
577 698 652 787 paulo
669 703 728 754 ente
746 698 841 764 dixisti,
860 703 887 753 et
900 699 956 769 ipse

163 772 225 829 setis
243 772 393 828 manifestus
411 790 438 828 es
439 773 639 842 tjamdudum
631 793 659 830 m
676 775 831 830 eontrarium
848 774 958 846 eooirrgi,

162 867 210 904 neo
221 867 294 920 oequo
305 849 388 904 auimo
400 849 512 919 perferre
528 851 593 907 huno
604 854 718 906 nostrum
734 868 781 921 pro
793 850 958 922 antiquorum

162 924 238 980 lnude
249 925 429 980 eoueordism.”

141 1009 157 1056 8
200 1001 284 1056 “Non
296 1001 387 1067 enim,”
399 1001 481 1072 inquit
494 1003 571 1072 Aper,
583 1001 747 1058 “iuunditum
759 1005 786 1058 et
797 1001 959 1058 indefensum

164 1077 275 1134 seoulum
286 1082 402 1134 nostrum
413 1077 495 1148 pstisr
508 1077 556 1133 heo
567 1082 653 1134 vestre
663 1078 848 1149 conspiratione
858 1078 959 1132 dumnu-

164 1155 195 1211 ri.
226 1153 276 1209 Sed
287 1154 335 1209 hoo
346 1156 456 1225 primum
468 1155 636 1226 interrogabo,
650 1173 713 1226 quos
725 1154 821 1210 vooetis
833 1155 959 1225 antiquos,

165 1249 239 1302 quum
257 1235 386 1286 erutorum
401 1234 503 1286 etatem
518 1231 706 1302 significatione
716 1231 767 1285 ists
778 1230 959 1286 determinetis.

142 1306 224 1379 llige
235 1307 303 1362 euim
314 1325 373 1362 oum
384 1305 459 1361 sudio
473 1307 599 1379 antiquos,
612 1307 733 1379 quosdam
749 1311 847 1362 veteres
859 1311 886 1362 et
898 1307 960 1361 olim

166 1388 241 1438 ustos
258 1383 389 1454 intelligo;
408 1400 438 1438 eo
455 1383 518 1438 mibi
536 1389 670 1439 versentur
687 1386 747 1438 ente
764 1382 850 1438 oeulos
867 1383 959 1438 Ulixes

166 1477 196 1515 eo
214 1459 319 1525 Nestor,
339 1476 446 1530 quorum
467 1462 528 1514 retus
546 1459 614 1514 mille
631 1460 684 1516 fere
701 1463 728 1514 et
746 1458 867 1515 trementis
885 1459 959 1514 anuis

167 1535 282 1590 seoulum
298 1539 416 1589 nostrum
434 1535 577 1590 snteeedit:
595 1555 641 1592 vos
659 1543 744 1592 sutem
762 1535 961 1591 Demosthenem

168 1614 196 1665 et
213 1610 373 1679 Hyperidem
390 1611 517 1680 profertis,
531 1629 595 1681 quos
613 1613 675 1668 sutis
691 1616 793 1669 oonstst
807 1611 918 1682 Philippi
933 1615 961 1665 et

167 1683 308 1741 Alexandri
324 1685 481 1754 temporibus
502 1687 625 1754 floruisse,
647 1689 685 1744 its
704 1694 791 1744 temen
811 1691 841 1742 ut
858 1687 962 1758 utrique

146 1761 322 1834 osuperstites
338 1764 432 1816 essent.
468 1761 511 1817 Ex
529 1781 581 1833 qno
593 1769 704 1836 sppsret,
716 1783 767 1820 non
783 1763 962 1834 multoplures

169 1857 246 1912 quum
263 1837 460 1910 quadringentos
477 1856 561 1896 euros
577 1840 700 1898 interesse
719 1842 786 1897 inter
803 1844 917 1896 nostram
935 1843 963 1895 et

168 1923 348 1979 Demosthenis
358 1925 467 1978 etatem.
505 1923 582 1982 Quod
594 1925 704 1996 spatium
712 1924 842 1994 temporis,
851 1923 874 1978 si
882 1922 915 1977 ed
923 1923 963 1978 in·

168 2000 315 2055 firmitatem
326 2016 459 2070 oorporum
467 2003 614 2055 nostrorum
625 2001 728 2069 retem,
736 2001 845 2056 fortusse
856 1999 963 2070 longum

167 2076 302 2143 videatur;
315 2075 347 2131 sd
364 2079 481 2130 usturam
494 2077 636 2132 seculorum
647 2096 677 2133 uo
692 2081 836 2148 respeotnm
847 2075 964 2130 immensi

146 2151 246 2222 ehujus
264 2153 311 2208 aevi
328 2170 449 2222 perquem
466 2151 543 2208 breve
559 2157 586 2208 et
597 2154 625 2208 iu
640 2155 754 2224 proximo
766 2157 814 2208 est.
850 2152 919 2207 Num
932 2151 962 2216 si,

168 2233 199 2282 ut
217 2228 307 2284 Gioero
318 2228 346 2282 in
363 2227 501 2283 Hortensio
520 2229 615 2298 scribit,
629 2229 651 2284 is
667 2233 707 2285 est
725 2247 832 2300 mugnus
848 2232 874 2282 et
886 2245 963 2282 verus

169 2321 326 2374 annusque
347 2303 434 2359 eedem
454 2304 547 2374 positio
568 2305 623 2361 ooeli
642 2305 809 2376 siderumque,
830 2322 886 2375 quse
904 2323 964 2358 cnm

169 2379 277 2433 menime
295 2383 342 2444 est,
360 2398 461 2434 rursum
474 2380 589 2446 exsistet,
602 2381 674 2453 isque
692 2400 772 2436 eunus
789 2381 887 2447 horum,
899 2397 963 2450 quos

168 2470 215 2506 nos
227 2470 354 2520 vocemus,
366 2473 490 2509 annorum
504 2455 636 2512 duodeoim
648 2458 726 2512 millis
736 2460 879 2527 nongentos
892 2455 964 2526 quiu-

169 2527 291 2596 quaginta
299 2533 408 2596 qustuor
416 2531 562 2599 eompleetit
563 2552 594 2586 ur
594 2533 700 2604 ,incipit
710 2533 895 2588 Demosthenes
908 2549 964 2586 ves·

168 2604 216 2666 ter,
230 2617 305 2670 quem
323 2619 368 2655 vos
379 2610 493 2659 veterem
508 2610 535 2660 et
551 2608 684 2677 antiquum
700 2609 782 2680 fingit
775 2626 804 2673 m,
817 2625 868 2662 non
880 2607 964 2661 solum

168 2641 256 2732 eodem
268 2691 334 2730 enno
346 2693 397 2748 quo
408 2695 462 2744 nos,
476 2679 521 2734 sed
532 2681 587 2737 fere
598 2682 686 2740 eodem
697 2702 784 2740 mense
796 2682 928 2740 exstitisse
