2104 3022
169 119 217 170 808
490 117 639 166 'l'AclTUS

168 230 226 288 loco
245 229 359 301 plerique
377 228 476 300 jactent
499 228 596 284 mutari
616 227 754 298 saltarique
773 230 975 286 commentarios

170 325 238 362 suos.
275 305 351 362 Unde
367 306 449 360 oritur
464 304 507 358 ille
522 303 589 358 foedu
604 307 631 358 et
643 306 806 374 prepostero,
819 305 865 360 sed
881 310 975 360 tumen

170 381 289 452 frequens
309 381 328 451 †
348 379 498 452 quibusdem
519 380 677 447 exclamatio,
698 378 729 434 ut
749 384 863 436 oratores
884 383 974 436 nostri

144 461 257 518 ltenere
269 458 360 525 dicero,
371 457 506 512 histriones
518 455 612 510 diserte
624 455 716 510 saltere
725 454 851 512 dicuntur.
887 457 973 527 Equi-

168 533 228 590 dem
250 552 302 588 non
324 533 468 603 negaverim
492 531 609 586 Gessium
633 531 762 596 Severum,
784 550 859 602 quem
884 533 972 588 solum

169 611 240 680 Aper
253 613 341 666 noster
356 609 485 664 nominare
501 625 578 662 susus
593 609 640 673 est,
658 607 681 662 si
696 607 728 662 iis
745 612 906 678 comparetur
922 610 971 679 qui

168 690 258 756 postes
277 685 390 750 fuemnt,
411 702 486 755 posse
507 686 633 738 oratorem
657 683 749 750 vocari,
772 703 915 756 quenquam
940 686 971 740 in

168 779 261 831 magns
272 764 344 832 perte
353 760 475 816 librorum
487 776 591 814 suorum
601 758 658 830 plus
670 759 708 814 vis
720 758 812 814 hubent
822 779 896 832 quam
910 779 968 814 scn-

144 837 260 909 5gnuinis.
296 836 398 892 Primus
414 837 489 901 enim,
502 839 649 906 contempto
664 835 752 890 ordine
766 853 858 902 rerum,
872 836 968 892 omisso

168 913 292 969 modestis
303 931 333 970 uo
344 913 440 985 pudore
456 911 597 976 verborum,
610 911 672 982 ipsis
689 911 765 966 etium
778 913 869 982 quibus
881 913 967 968 utitur

168 990 244 1046 armis
263 989 445 1061 incompositus
466 991 493 1044 et
516 987 602 1042 studio
622 987 729 1042 feriendi
751 987 900 1058 plerumque
920 989 967 1044 de·

164 1065 257 1137 jectus,
278 1085 330 1122 non
352 1068 450 1137 pugnet
474 1063 520 1118 sed
542 1063 649 1118 rixetur.
686 1063 821 1129 (luterum,
846 1067 876 1118 ut
900 1065 963 1130 dixi,

167 1141 334 1213 sequentibus
352 1143 512 1211 comparatus
530 1143 557 1194 et
575 1139 698 1194 verietate
715 1140 864 1195 eruditionis
882 1144 909 1196 et
927 1141 965 1196 le·

166 1235 228 1287 porc
240 1217 391 1273 urbanitatis
408 1224 435 1272 et
451 1217 562 1287 ipsarum
579 1215 671 1270 virium
684 1214 774 1271 robore
790 1216 899 1270 multum
915 1235 963 1272 οω-

119 1355 121 1360 ,
166 1296 236 1348 teros
255 1297 378 1382 'superum
408 1309 516 1364 quorum
539 1291 665 1346 neminem
688 1293 759 1362 Aper
781 1292 911 1347 nominare
934 1297 963 1360 et

142 1368 260 1425 ovelut'
252 1389 280 1424 m
296 1369 375 1424 aciem
391 1367 498 1423 educere
514 1367 644 1422 sustinuit.
680 1367 737 1439 Ego
755 1371 840 1422 autem
857 1386 962 1438 exspec-

165 1445 305 1500 tcbemt
275 1449 312 1511 ut,
335 1446 450 1500 incusato
422 1443 613 1500 tAsinioet
635 1443 760 1500 Caelioet
785 1444 871 1510 Oulvo,
893 1444 961 1499 eliud

166 1520 238 1574 nobis
258 1538 348 1590 ngmen
368 1519 528 1589 produceret,
548 1518 684 1589 pluresque
704 1519 745 1575 vel
765 1523 865 1575 certet
853 1519 960 1575 totidem

165 1597 316 1657 nominaret,
337 1613 371 1658 ex
395 1593 487 1664 quibus
511 1593 587 1647 aliurn
612 1594 736 1661 Ciceroni,
758 1596 835 1651 ulium
859 1595 959 1664 Ossan,

141 1673 155 1725 ἰ’
166 1669 272 1740 singulis
294 1668 384 1723 deinde
405 1667 517 1739 singulos
537 1686 728 1739 opponeremus.
765 1673 843 1727 Nunc
863 1671 959 1727 detrec

164 1746 234 1801 trisse
252 1743 400 1799 nominatim
416 1744 534 1814 antiquos
553 1748 666 1801 oratores
683 1751 819 1803 contentus
835 1749 959 1802 neminem

164 1822 324 1894 sequentium
344 1819 447 1875 luudme
469 1838 547 1875 susus
564 1825 605 1876 est
626 1822 676 1876 nisi
692 1823 720 1877 in
740 1821 869 1893 publicum
886 1828 911 1878 et
931 1824 960 1894 iq

163 1917 303 1965 commune,
320 1897 425 1965 veritus,
441 1896 524 1962 credo,
541 1915 574 1951 ne
590 1897 684 1953 multos
700 1899 848 1963 offenderet,
861 1900 883 1954 si
898 1918 958 1970 pau-

140 1989 207 2034 soos
219 1975 396 2046 excerpsisset.
433 1973 537 2032 Quotus
549 1972 616 2028 enim
634 1975 740 2046 quisque
753 1975 959 2031 scholasticorum

163 2070 215 2106 non
230 2053 277 2107 huc
292 2069 339 2107 sue
354 2049 517 2122 persuasione
533 2049 628 2104 fruitur
645 2054 675 2104 ut
692 2069 719 2106 se
736 2055 796 2106 ente
812 2052 958 2119 Ciceronem

163 2132 286 2195 numeret,
299 2125 344 2182 sed
355 2127 429 2198 plene
441 2129 499 2196 post
512 2124 699 2182 Gabinianum?

115 2204 154 2261 27
198 2206 258 2259 “At
270 2221 318 2274 ego
330 2221 382 2258 non
393 2199 498 2256 verebor
510 2201 639 2256 nominare
654 2204 776 2275 singulos,
790 2223 840 2275 quo
852 2205 956 2272 facilius,

162 2280 298 2350 propositis
315 2277 443 2348 exemplis,
457 2281 577 2349 appareat
589 2278 681 2349 quibus
697 2281 818 2352 gradibus
830 2282 910 2336 fracta
921 2283 957 2338 sit

164 2359 191 2410 et
204 2355 334 2409 deminuta
346 2354 514 2424 eloquentia.”

138 2432 315 2499 2Appcra“
326 2433 360 2492 te,
363 2429 377 2452 ’'
386 2429 469 2499 iuquit
481 2429 621 2496 Maternus,
632 2431 677 2486 “et
665 2434 734 2502 ttpo
723 2432 774 2487 tius
787 2433 889 2488 exsolve
900 2451 956 2502 pro-

138 2451 274 2556 2missum
310 2503 403 2571 Neque
424 2504 491 2558 enim
509 2505 558 2559 hoc
577 2471 662 2576 colligi
679 2507 859 2572 desideremus,
877 2507 954 2564 diser-

55 2601 58 2606 ·
160 2579 238 2632 tiores
252 2595 308 2630 esse
320 2577 446 2646 antiquos,
460 2579 529 2665 quod
541 2580 609 2649 apud
621 2599 662 2636 me
679 2583 804 2653 quidem'
797 2603 824 2638 ιιι
840 2584 958 2644 confesso

160 2651 271 2719 estsed
287 2669 376 2705 cemus
392 2653 557 2722 exquirimus,
576 2672 638 2724 ques
654 2661 682 2712 te
694 2659 754 2713 solit
743 2664 798 2714 turn
816 2664 884 2715 ttrcc
886 2678 944 2715 ere·
