<?xml version="1.0" encoding="UTF-8"?>
<!DOCTYPE html PUBLIC "-//W3C//DTD XHTML 1.0 Transitional//EN"
    "http://www.w3.org/TR/xhtml1/DTD/xhtml1-transitional.dtd">
<html xmlns="http://www.w3.org/1999/xhtml" xml:lang="en" lang="en">
 <head>
  <title>
</title>
<meta http-equiv="Content-Type" content="text/html;charset=utf-8" />
  <meta name='ocr-system' content='tesseract 3.04.00' />
  <meta name='ocr-capabilities' content='ocr_page ocr_carea ocr_par ocr_line ocrx_word'/>
</head>
<body>
  <div class='ocr_page' id='page_1' title='image "./opera01tacigoog_0187.png"; bbox 0 0 2086 3026; ppageno 0'>
   <div class='ocr_carea' id='block_1_1' title="bbox 171 131 962 239">
    <p class='ocr_par' dir='ltr' id='par_1_1' title="bbox 171 131 962 239">
     <span class='ocr_line' id='line_1_1' title="bbox 171 131 630 182; baseline 0 -2"><span class='ocrx_word' id='word_1_1' title='bbox 171 134 218 182; x_wconf 81' lang='lat'><strong>180</strong></span> <span class='ocrx_word' id='word_1_2' title='bbox 509 131 630 180; x_wconf 75' lang='grc' dir='ltr'><strong>ΤΔΘΙΤΙ</strong></span> 
     </span>
     <span class='ocr_line' id='line_1_2' title="bbox 799 191 962 239; baseline 0.012 -9"><span class='ocrx_word' id='word_1_3' title='bbox 799 191 834 239; x_wconf 71' lang='grc' dir='ltr'><strong>[Α.</strong></span> <span class='ocrx_word' id='word_1_4' title='bbox 845 191 873 230; x_wconf 85' lang='lat' dir='ltr'><strong>u.</strong></span> <span class='ocrx_word' id='word_1_5' title='bbox 884 192 907 230; x_wconf 89' lang='lat' dir='ltr'><strong>c.</strong></span> <span class='ocrx_word' id='word_1_6' title='bbox 918 191 962 232; x_wconf 78' lang='lat' dir='ltr'><strong>sac.</strong></span> 
     </span>
    </p>
   </div>
   <div class='ocr_carea' id='block_1_2' title="bbox 97 242 1033 2519">
    <p class='ocr_par' dir='ltr' id='par_1_2' title="bbox 124 242 1033 1232">
     <span class='ocr_line' id='line_1_3' title="bbox 124 242 964 314; baseline -0.01 -12"><span class='ocrx_word' id='word_1_7' title='bbox 124 247 251 306; x_wconf 69' lang='lat' dir='ltr'><strong>situas.</strong></span> <span class='ocrx_word' id='word_1_8' title='bbox 287 243 351 314; x_wconf 89' lang='lat' dir='ltr'><strong>Ipsi,</strong></span> <span class='ocrx_word' id='word_1_9' title='bbox 370 245 401 298; x_wconf 88' lang='lat' dir='ltr'><strong>ut</strong></span> <span class='ocrx_word' id='word_1_10' title='bbox 418 245 458 298; x_wconf 91' lang='lat' dir='ltr'><strong>est</strong></span> <span class='ocrx_word' id='word_1_11' title='bbox 475 242 569 314; x_wconf 81' lang='lat' dir='ltr'><strong>vulgus</strong></span> <span class='ocrx_word' id='word_1_12' title='bbox 587 242 641 296; x_wconf 89' lang='lat' dir='ltr'><strong>sine</strong></span> <span class='ocrx_word' id='word_1_13' title='bbox 657 242 757 296; x_wconf 88' lang='lat' dir='ltr'><strong>rectore</strong></span> <span class='ocrx_word' id='word_1_14' title='bbox 773 258 896 311; x_wconf 72' lang='lat' dir='ltr'><strong>praeceps,</strong></span> <span class='ocrx_word' id='word_1_15' title='bbox 919 259 964 311; x_wconf 84' lang='lat' dir='ltr'><strong>pa-</strong></span> 
     </span>
     <span class='ocr_line' id='line_1_4' title="bbox 170 317 965 388; baseline -0.008 -12"><span class='ocrx_word' id='word_1_16' title='bbox 170 320 265 386; x_wconf 84' lang='lat' dir='ltr'><strong>vidum,</strong></span> <span class='ocrx_word' id='word_1_17' title='bbox 284 337 377 385; x_wconf 87' lang='lat' dir='ltr'><strong>socors,</strong></span> <span class='ocrx_word' id='word_1_18' title='bbox 397 319 550 374; x_wconf 86' lang='lat' dir='ltr'><strong>adventante</strong></span> <span class='ocrx_word' id='word_1_19' title='bbox 569 317 658 382; x_wconf 82' lang='lat' dir='ltr'><strong>Civile,</strong></span> <span class='ocrx_word' id='word_1_20' title='bbox 677 317 756 388; x_wconf 80' lang='lat' dir='ltr'><strong>raptis</strong></span> <span class='ocrx_word' id='word_1_21' title='bbox 774 321 869 371; x_wconf 90' lang='lat' dir='ltr'><strong>temere</strong></span> <span class='ocrx_word' id='word_1_22' title='bbox 887 317 965 371; x_wconf 89' lang='lat' dir='ltr'><strong>armis</strong></span> 
     </span>
     <span class='ocr_line' id='line_1_5' title="bbox 146 393 966 466; baseline -0.007 -13"><span class='ocrx_word' id='word_1_23' title='bbox 146 407 200 454; x_wconf 82' lang='lat' dir='ltr'><strong>2ac</strong></span> <span class='ocrx_word' id='word_1_24' title='bbox 218 397 304 452; x_wconf 82' lang='lat' dir='ltr'><strong>stetim</strong></span> <span class='ocrx_word' id='word_1_25' title='bbox 320 396 427 461; x_wconf 88' lang='lat' dir='ltr'><strong>omissis,</strong></span> <span class='ocrx_word' id='word_1_26' title='bbox 447 395 474 450; x_wconf 88' lang='lat' dir='ltr'><strong>in</strong></span> <span class='ocrx_word' id='word_1_27' title='bbox 492 395 580 466; x_wconf 84' lang='lat' dir='ltr'><strong>sugam</strong></span> <span class='ocrx_word' id='word_1_28' title='bbox 597 397 742 450; x_wconf 85' lang='lat' dir='ltr'><strong>vertuntur.</strong></span> <span class='ocrx_word' id='word_1_29' title='bbox 778 393 832 448; x_wconf 80' lang='lat' dir='ltr'><strong>Bes</strong></span> <span class='ocrx_word' id='word_1_30' title='bbox 850 393 966 448; x_wconf 74' lang='lat' dir='ltr'><strong>adversar</strong></span> 
     </span>
     <span class='ocr_line' id='line_1_6' title="bbox 170 471 966 545; baseline -0.008 -15"><span class='ocrx_word' id='word_1_31' title='bbox 170 475 320 530; x_wconf 79' lang='lat' dir='ltr'><strong>discordiam</strong></span> <span class='ocrx_word' id='word_1_32' title='bbox 336 491 463 545; x_wconf 78' lang='lat' dir='ltr'>peperere,</span> <span class='ocrx_word' id='word_1_33' title='bbox 476 473 507 526; x_wconf 90' lang='lat' dir='ltr'><strong>iis</strong></span> <span class='ocrx_word' id='word_1_34' title='bbox 526 472 570 542; x_wconf 91' lang='lat' dir='ltr'><strong>qui</strong></span> <span class='ocrx_word' id='word_1_35' title='bbox 584 490 599 526; x_wconf 94' lang='lat' dir='ltr'><strong>e</strong></span> <span class='ocrx_word' id='word_1_36' title='bbox 613 471 743 541; x_wconf 88' lang='lat' dir='ltr'><strong>superiore</strong></span> <span class='ocrx_word' id='word_1_37' title='bbox 757 471 872 526; x_wconf 85' lang='lat' dir='ltr'><strong>exercitu</strong></span> <span class='ocrx_word' id='word_1_38' title='bbox 890 474 966 525; x_wconf 84' lang='lat' dir='ltr'><strong>erant</strong></span> 
     </span>
     <span class='ocr_line' id='line_1_7' title="bbox 169 547 966 617; baseline -0.008 -11"><span class='ocrx_word' id='word_1_39' title='bbox 169 569 270 606; x_wconf 88' lang='lat' dir='ltr'><strong>causam</strong></span> <span class='ocrx_word' id='word_1_40' title='bbox 289 568 361 605; x_wconf 89' lang='lat' dir='ltr'><strong>suam</strong></span> <span class='ocrx_word' id='word_1_41' title='bbox 378 549 582 604; x_wconf 89' lang='lat' dir='ltr'><strong>dissociantibus.</strong></span> <span class='ocrx_word' id='word_1_42' title='bbox 619 547 717 602; x_wconf 90' lang='lat' dir='ltr'><strong>Vitellii</strong></span> <span class='ocrx_word' id='word_1_43' title='bbox 735 553 820 601; x_wconf 88' lang='lat' dir='ltr'><strong>tamen</strong></span> <span class='ocrx_word' id='word_1_44' title='bbox 838 547 966 617; x_wconf 78' lang='lat' dir='ltr'>imagines</span> 
     </span>
     <span class='ocr_line' id='line_1_8' title="bbox 167 623 965 696; baseline -0.006 -14"><span class='ocrx_word' id='word_1_45' title='bbox 167 627 196 682; x_wconf 89' lang='lat' dir='ltr'><strong>in</strong></span> <span class='ocrx_word' id='word_1_46' title='bbox 208 627 298 682; x_wconf 90' lang='lat' dir='ltr'><strong>castris</strong></span> <span class='ocrx_word' id='word_1_47' title='bbox 310 630 337 681; x_wconf 88' lang='lat' dir='ltr'><strong>et</strong></span> <span class='ocrx_word' id='word_1_48' title='bbox 348 644 394 696; x_wconf 86' lang='lat' dir='ltr'><strong>per</strong></span> <span class='ocrx_word' id='word_1_49' title='bbox 405 625 533 696; x_wconf 85' lang='lat' dir='ltr'><strong>proximas</strong></span> <span class='ocrx_word' id='word_1_50' title='bbox 549 623 687 694; x_wconf 74' lang='lat' dir='ltr'>Belgarum</span> <span class='ocrx_word' id='word_1_51' title='bbox 705 623 823 678; x_wconf 87' lang='lat' dir='ltr'><strong>civitates</strong></span> <span class='ocrx_word' id='word_1_52' title='bbox 835 623 965 692; x_wconf 83' lang='lat' dir='ltr'><strong>repositae,</strong></span> 
     </span>
     <span class='ocr_line' id='line_1_9' title="bbox 146 698 967 770; baseline -0.005 -13"><span class='ocrx_word' id='word_1_53' title='bbox 146 714 227 759; x_wconf 79' lang='lat' dir='ltr'><strong>acum</strong></span> <span class='ocrx_word' id='word_1_54' title='bbox 235 705 289 770; x_wconf 88' lang='lat' dir='ltr'><strong>jam</strong></span> <span class='ocrx_word' id='word_1_55' title='bbox 301 702 422 756; x_wconf 76' lang='lat' dir='ltr'>Vitellius</span> <span class='ocrx_word' id='word_1_56' title='bbox 434 699 576 755; x_wconf 88' lang='lat' dir='ltr'><strong>occidisset.</strong></span> <span class='ocrx_word' id='word_1_57' title='bbox 612 699 680 754; x_wconf 86' lang='lat' dir='ltr'><strong>Dein</strong></span> <span class='ocrx_word' id='word_1_58' title='bbox 691 699 783 752; x_wconf 88' lang='lat' dir='ltr'><strong>mutati</strong></span> <span class='ocrx_word' id='word_1_59' title='bbox 801 698 829 752; x_wconf 90' lang='lat' dir='ltr'><strong>in</strong></span> <span class='ocrx_word' id='word_1_60' title='bbox 841 699 967 769; x_wconf 73' lang='lat' dir='ltr'><strong>paeniten-</strong></span> 
     </span>
     <span class='ocr_line' id='line_1_10' title="bbox 169 774 968 849; baseline -0.005 -17"><span class='ocrx_word' id='word_1_61' title='bbox 169 778 231 832; x_wconf 87' lang='lat' dir='ltr'><strong>tiam</strong></span> <span class='ocrx_word' id='word_1_62' title='bbox 244 778 351 849; x_wconf 88' lang='lat' dir='ltr'><strong>primani</strong></span> <span class='ocrx_word' id='word_1_63' title='bbox 367 777 535 848; x_wconf 88' lang='lat' dir='ltr'><strong>quartanique</strong></span> <span class='ocrx_word' id='word_1_64' title='bbox 551 779 577 830; x_wconf 91' lang='lat' dir='ltr'><strong>et</strong></span> <span class='ocrx_word' id='word_1_65' title='bbox 595 774 826 829; x_wconf 77' lang='lat' dir='ltr'><strong>duodevicesimam</strong></span> <span class='ocrx_word' id='word_1_66' title='bbox 838 774 968 829; x_wconf 79' lang='lat' dir='ltr'>Voculam</span> 
     </span>
     <span class='ocr_line' id='line_1_11' title="bbox 170 851 969 925; baseline -0.004 -16"><span class='ocrx_word' id='word_1_67' title='bbox 170 859 329 925; x_wconf 84' lang='lat' dir='ltr'><strong>sequuntur;</strong></span> <span class='ocrx_word' id='word_1_68' title='bbox 360 854 428 924; x_wconf 91' lang='lat' dir='ltr'><strong>apud</strong></span> <span class='ocrx_word' id='word_1_69' title='bbox 451 872 526 924; x_wconf 90' lang='lat' dir='ltr'><strong>quem</strong></span> <span class='ocrx_word' id='word_1_70' title='bbox 549 855 681 921; x_wconf 88' lang='lat' dir='ltr'><strong>resumpto</strong></span> <span class='ocrx_word' id='word_1_71' title='bbox 705 851 857 920; x_wconf 80' lang='lat' dir='ltr'><strong>Vespasiani</strong></span> <span class='ocrx_word' id='word_1_72' title='bbox 881 869 969 906; x_wconf 85' lang='lat' dir='ltr'><strong>sacra-</strong></span> 
     </span>
     <span class='ocr_line' id='line_1_12' title="bbox 170 926 1033 999; baseline -0.005 -13"><span class='ocrx_word' id='word_1_73' title='bbox 170 936 257 986; x_wconf 84' lang='lat' dir='ltr'><strong>mento</strong></span> <span class='ocrx_word' id='word_1_74' title='bbox 269 931 301 986; x_wconf 85' lang='lat' dir='ltr'><strong>ad</strong></span> <span class='ocrx_word' id='word_1_75' title='bbox 313 930 468 986; x_wconf 89' lang='lat' dir='ltr'><strong>liberandum</strong></span> <span class='ocrx_word' id='word_1_76' title='bbox 482 928 642 999; x_wconf 78' lang='lat' dir='ltr'><strong>Mogontiaci</strong></span> <span class='ocrx_word' id='word_1_77' title='bbox 658 927 783 982; x_wconf 89' lang='lat' dir='ltr'><strong>obsidium</strong></span> <span class='ocrx_word' id='word_1_78' title='bbox 796 926 967 982; x_wconf 83' lang='lat' dir='ltr'><strong>ducebantur.</strong></span> <span class='ocrx_word' id='word_1_79' title='bbox 1032 989 1033 994; x_wconf 9' lang='grc' dir='ltr'><strong>Ἰ</strong></span> 
     </span>
     <span class='ocr_line' id='line_1_13' title="bbox 146 1002 968 1074; baseline -0.006 -12"><span class='ocrx_word' id='word_1_80' title='bbox 146 1008 347 1063; x_wconf 83' lang='lat' dir='ltr'><strong>4Discesserant</strong></span> <span class='ocrx_word' id='word_1_81' title='bbox 370 1006 523 1070; x_wconf 83' lang='lat' dir='ltr'>obsessores,</span> <span class='ocrx_word' id='word_1_82' title='bbox 549 1005 648 1058; x_wconf 87' lang='lat' dir='ltr'><strong>mixtus</strong></span> <span class='ocrx_word' id='word_1_83' title='bbox 671 1021 704 1057; x_wconf 85' lang='lat' dir='ltr'><strong>ex</strong></span> <span class='ocrx_word' id='word_1_84' title='bbox 728 1002 838 1070; x_wconf 89' lang='lat' dir='ltr'><strong>Chattis,</strong></span> <span class='ocrx_word' id='word_1_85' title='bbox 856 1003 968 1074; x_wconf 84' lang='lat' dir='ltr'><strong>Usipiis,</strong></span> 
     </span>
     <span class='ocr_line' id='line_1_14' title="bbox 170 1079 969 1150; baseline -0.006 -11"><span class='ocrx_word' id='word_1_86' title='bbox 170 1085 302 1140; x_wconf 76' lang='lat' dir='ltr'><strong>Mattiacis</strong></span> <span class='ocrx_word' id='word_1_87' title='bbox 320 1083 454 1147; x_wconf 87' lang='lat' dir='ltr'><strong>exercitus,</strong></span> <span class='ocrx_word' id='word_1_88' title='bbox 468 1082 586 1135; x_wconf 85' lang='lat' dir='ltr'><strong>satietate</strong></span> <span class='ocrx_word' id='word_1_89' title='bbox 598 1079 689 1150; x_wconf 78' lang='lat' dir='ltr'><strong>prada</strong></span> <span class='ocrx_word' id='word_1_90' title='bbox 700 1097 748 1134; x_wconf 90' lang='lat' dir='ltr'><strong>nec</strong></span> <span class='ocrx_word' id='word_1_91' title='bbox 759 1079 896 1134; x_wconf 88' lang='lat' dir='ltr'><strong>incruenti.</strong></span> <span class='ocrx_word' id='word_1_92' title='bbox 934 1080 969 1134; x_wconf 93' lang='lat' dir='ltr'><strong>In</strong></span> 
     </span>
     <span class='ocr_line' id='line_1_15' title="bbox 170 1155 969 1232; baseline -0.011 -15"><span class='ocrx_word' id='word_1_93' title='bbox 170 1163 211 1218; x_wconf 84' lang='lat' dir='ltr'><strong>via</strong></span> <span class='ocrx_word' id='word_1_94' title='bbox 227 1161 353 1232; x_wconf 89' lang='lat' dir='ltr'><strong>dispersos</strong></span> <span class='ocrx_word' id='word_1_95' title='bbox 368 1163 394 1214; x_wconf 91' lang='lat' dir='ltr'><strong>et</strong></span> <span class='ocrx_word' id='word_1_96' title='bbox 408 1158 507 1213; x_wconf 89' lang='lat' dir='ltr'><strong>nescios</strong></span> <span class='ocrx_word' id='word_1_97' title='bbox 524 1157 596 1210; x_wconf 88' lang='lat' dir='ltr'><strong>miles</strong></span> <span class='ocrx_word' id='word_1_98' title='bbox 614 1160 702 1210; x_wconf 89' lang='lat' dir='ltr'><strong>noster</strong></span> <span class='ocrx_word' id='word_1_99' title='bbox 719 1156 854 1210; x_wconf 84' lang='lat' dir='ltr'><strong>invaserat.</strong></span> <span class='ocrx_word' id='word_1_100' title='bbox 894 1155 969 1214; x_wconf 78' lang='lat' dir='ltr'><strong>Quin</strong></span> 
     </span>
    </p>

    <p class='ocr_par' dir='ltr' id='par_1_3' title="bbox 97 1232 1033 2519">
     <span class='ocr_line' id='line_1_16' title="bbox 169 1232 967 1305; baseline -0.013 -11"><span class='ocrx_word' id='word_1_101' title='bbox 169 1243 196 1294; x_wconf 87' lang='lat' dir='ltr'><strong>et</strong></span> <span class='ocrx_word' id='word_1_102' title='bbox 214 1239 316 1293; x_wconf 80' lang='lat' dir='ltr'><strong>loricam</strong></span> <span class='ocrx_word' id='word_1_103' title='bbox 334 1236 477 1305; x_wconf 83' lang='lat' dir='ltr'><strong>vallumque</strong></span> <span class='ocrx_word' id='word_1_104' title='bbox 494 1251 540 1303; x_wconf 91' lang='lat' dir='ltr'><strong>per</strong></span> <span class='ocrx_word' id='word_1_105' title='bbox 557 1233 620 1287; x_wconf 88' lang='lat' dir='ltr'><strong>fines</strong></span> <span class='ocrx_word' id='word_1_106' title='bbox 638 1250 698 1286; x_wconf 87' lang='lat' dir='ltr'><strong>suos</strong></span> <span class='ocrx_word' id='word_1_107' title='bbox 714 1232 818 1286; x_wconf 80' lang='lat' dir='ltr'><strong>Treveri</strong></span> <span class='ocrx_word' id='word_1_108' title='bbox 835 1235 967 1298; x_wconf 87' lang='lat' dir='ltr'><strong>struxere,</strong></span> 
     </span>
     <span class='ocr_line' id='line_1_17' title="bbox 169 1307 968 1384; baseline -0.009 -16"><span class='ocrx_word' id='word_1_109' title='bbox 169 1314 319 1384; x_wconf 84' lang='lat' dir='ltr'><strong>magnisque</strong></span> <span class='ocrx_word' id='word_1_110' title='bbox 331 1313 357 1366; x_wconf 94' lang='lat' dir='ltr'><strong>in</strong></span> <span class='ocrx_word' id='word_1_111' title='bbox 369 1313 449 1366; x_wconf 89' lang='lat' dir='ltr'><strong>vicem</strong></span> <span class='ocrx_word' id='word_1_112' title='bbox 467 1309 580 1364; x_wconf 84' lang='lat' dir='ltr'><strong>cladibus</strong></span> <span class='ocrx_word' id='word_1_113' title='bbox 596 1327 654 1364; x_wconf 88' lang='lat' dir='ltr'><strong>cum</strong></span> <span class='ocrx_word' id='word_1_114' title='bbox 671 1308 804 1364; x_wconf 88' lang='lat' dir='ltr'><strong>Germanis</strong></span> <span class='ocrx_word' id='word_1_115' title='bbox 820 1307 968 1370; x_wconf 80' lang='lat' dir='ltr'><strong>certabant,</strong></span> 
     </span>
     <span class='ocr_line' id='line_1_18' title="bbox 170 1384 1033 1458; baseline -0.006 -16"><span class='ocrx_word' id='word_1_116' title='bbox 170 1389 250 1443; x_wconf 92' lang='lat' dir='ltr'><strong>donec</strong></span> <span class='ocrx_word' id='word_1_117' title='bbox 273 1388 376 1458; x_wconf 86' lang='lat' dir='ltr'><strong>egregia</strong></span> <span class='ocrx_word' id='word_1_118' title='bbox 399 1405 460 1458; x_wconf 90' lang='lat' dir='ltr'><strong>erga</strong></span> <span class='ocrx_word' id='word_1_119' title='bbox 484 1385 604 1458; x_wconf 90' lang='lat' dir='ltr'><strong>populum</strong></span> <span class='ocrx_word' id='word_1_120' title='bbox 628 1385 772 1440; x_wconf 85' lang='lat' dir='ltr'><strong>Romanum</strong></span> <span class='ocrx_word' id='word_1_121' title='bbox 792 1384 887 1440; x_wconf 84' lang='lat' dir='ltr'><strong>merita</strong></span> <span class='ocrx_word' id='word_1_122' title='bbox 905 1401 968 1438; x_wconf 83' lang='lat' dir='ltr'><strong>mox</strong></span> <span class='ocrx_word' id='word_1_123' title='bbox 1032 1447 1033 1450; x_wconf 8' lang='grc' dir='ltr'><strong>Ἴ</strong></span> 
     </span>
     <span class='ocr_line' id='line_1_19' title="bbox 169 1457 1033 1518; baseline -0.005 0"><span class='ocrx_word' id='word_1_124' title='bbox 169 1463 274 1518; x_wconf 87' lang='lat' dir='ltr'><strong>rebelles</strong></span> <span class='ocrx_word' id='word_1_125' title='bbox 288 1463 419 1518; x_wconf 83' lang='lat' dir='ltr'><strong>ioedarent.</strong></span> <span class='ocrx_word' id='word_1_126' title='bbox 1032 1457 1033 1469; x_wconf 56' lang='lat'>¹</span> 
     </span>
     <span class='ocr_line' id='line_1_20' title="bbox 125 1535 968 1608; baseline 0 -15"><span class='ocrx_word' id='word_1_127' title='bbox 125 1543 161 1594; x_wconf 89' lang='grc'><strong>38</strong></span> <span class='ocrx_word' id='word_1_128' title='bbox 205 1539 309 1592; x_wconf 88' lang='lat' dir='ltr'><strong>Interea</strong></span> <span class='ocrx_word' id='word_1_129' title='bbox 321 1539 491 1608; x_wconf 79' lang='lat' dir='ltr'><strong>Vespasianus</strong></span> <span class='ocrx_word' id='word_1_130' title='bbox 503 1538 596 1592; x_wconf 90' lang='lat' dir='ltr'><strong>iterum</strong></span> <span class='ocrx_word' id='word_1_131' title='bbox 608 1553 638 1590; x_wconf 89' lang='lat' dir='ltr'><strong>ac</strong></span> <span class='ocrx_word' id='word_1_132' title='bbox 655 1535 730 1590; x_wconf 81' lang='lat' dir='ltr'><strong>Titus</strong></span> <span class='ocrx_word' id='word_1_133' title='bbox 747 1535 910 1591; x_wconf 89' lang='lat' dir='ltr'><strong>consulatum</strong></span> <span class='ocrx_word' id='word_1_134' title='bbox 923 1539 968 1594; x_wconf 85' lang='lat' dir='ltr'><strong>ab</strong></span> 
     </span>
     <span class='ocr_line' id='line_1_21' title="bbox 97 1613 969 1704; baseline 0.002 -34"><span class='ocrx_word' id='word_1_135' title='bbox 97 1623 162 1704; x_wconf 54' lang='lat' dir='ltr'><strong>*gg-⁸⁰·</strong></span> <span class='ocrx_word' id='word_1_136' title='bbox 171 1618 256 1670; x_wconf 88' lang='lat' dir='ltr'><strong>sentes</strong></span> <span class='ocrx_word' id='word_1_137' title='bbox 279 1615 398 1680; x_wconf 89' lang='lat' dir='ltr'><strong>inierunt,</strong></span> <span class='ocrx_word' id='word_1_138' title='bbox 422 1619 511 1670; x_wconf 81' lang='lat' dir='ltr'><strong>masta</strong></span> <span class='ocrx_word' id='word_1_139' title='bbox 534 1619 562 1670; x_wconf 90' lang='lat' dir='ltr'><strong>et</strong></span> <span class='ocrx_word' id='word_1_140' title='bbox 585 1613 721 1684; x_wconf 86' lang='lat' dir='ltr'><strong>multiplici</strong></span> <span class='ocrx_word' id='word_1_141' title='bbox 743 1617 815 1668; x_wconf 88' lang='lat' dir='ltr'><strong>metu</strong></span> <span class='ocrx_word' id='word_1_142' title='bbox 839 1632 969 1686; x_wconf 84' lang='lat' dir='ltr'><strong>suspensa</strong></span> 
     </span>
     <span class='ocr_line' id='line_1_22' title="bbox 109 1689 968 1761; baseline -0.006 -10"><span class='ocrx_word' id='word_1_143' title='bbox 109 1689 155 1751; x_wconf 55' lang='lat' dir='ltr'><strong>nn:</strong></span> <span class='ocrx_word' id='word_1_144' title='bbox 171 1691 281 1757; x_wconf 85' lang='lat' dir='ltr'><strong>civitate,</strong></span> <span class='ocrx_word' id='word_1_145' title='bbox 293 1708 349 1761; x_wconf 76' lang='lat' dir='ltr'><strong>quer</strong></span> <span class='ocrx_word' id='word_1_146' title='bbox 361 1708 438 1761; x_wconf 87' lang='lat' dir='ltr'><strong>super</strong></span> <span class='ocrx_word' id='word_1_147' title='bbox 453 1691 577 1746; x_wconf 88' lang='lat' dir='ltr'><strong>instantia</strong></span> <span class='ocrx_word' id='word_1_148' title='bbox 590 1689 656 1744; x_wconf 83' lang='lat' dir='ltr'><strong>mala</strong></span> <span class='ocrx_word' id='word_1_149' title='bbox 673 1689 751 1744; x_wconf 79' lang='lat' dir='ltr'><strong>falsos</strong></span> <span class='ocrx_word' id='word_1_150' title='bbox 770 1707 877 1760; x_wconf 86' lang='lat' dir='ltr'><strong>pavores</strong></span> <span class='ocrx_word' id='word_1_151' title='bbox 891 1691 968 1746; x_wconf 90' lang='lat' dir='ltr'><strong>indn-</strong></span> 
     </span>
     <span class='ocr_line' id='line_1_23' title="bbox 119 1761 1032 1838; baseline 0.002 -16"><span class='ocrx_word' id='word_1_152' title='bbox 119 1761 150 1801; x_wconf 82' lang='lat'><strong>⁷⁰·</strong></span> <span class='ocrx_word' id='word_1_153' title='bbox 171 1771 233 1832; x_wconf 89' lang='lat' dir='ltr'><strong>erat,</strong></span> <span class='ocrx_word' id='word_1_154' title='bbox 247 1766 382 1822; x_wconf 85' lang='lat' dir='ltr'><strong>descivisse</strong></span> <span class='ocrx_word' id='word_1_155' title='bbox 399 1767 512 1822; x_wconf 63' lang='lat' dir='ltr'><strong>Africam</strong></span> <span class='ocrx_word' id='word_1_156' title='bbox 530 1785 571 1821; x_wconf 90' lang='lat' dir='ltr'><strong>res</strong></span> <span class='ocrx_word' id='word_1_157' title='bbox 587 1784 666 1820; x_wconf 88' lang='lat' dir='ltr'><strong>novas</strong></span> <span class='ocrx_word' id='word_1_158' title='bbox 682 1765 802 1820; x_wconf 87' lang='lat' dir='ltr'><strong>moliente</strong></span> <span class='ocrx_word' id='word_1_159' title='bbox 814 1765 846 1820; x_wconf 78' lang='lat' dir='ltr'><strong>L,</strong></span> <span class='ocrx_word' id='word_1_160' title='bbox 859 1767 966 1824; x_wconf 83' lang='lat' dir='ltr'><strong>Pisone</strong></span> <span class='ocrx_word' id='word_1_161' title='bbox 1031 1767 1032 1838; x_wconf 62' lang='lat' dir='ltr'><strong>l</strong></span> 
     </span>
     <span class='ocr_line' id='line_1_24' title="bbox 147 1841 965 1915; baseline 0.001 -16"><span class='ocrx_word' id='word_1_162' title='bbox 147 1843 198 1900; x_wconf 83' lang='lat' dir='ltr'><strong>2Is</strong></span> <span class='ocrx_word' id='word_1_163' title='bbox 217 1849 327 1914; x_wconf 77' lang='lat' dir='ltr'><strong>preerat</strong></span> <span class='ocrx_word' id='word_1_164' title='bbox 350 1844 493 1914; x_wconf 73' lang='lat' dir='ltr'><strong>provincie,</strong></span> <span class='ocrx_word' id='word_1_165' title='bbox 517 1861 677 1912; x_wconf 87' lang='lat' dir='ltr'><strong>nequaquam</strong></span> <span class='ocrx_word' id='word_1_166' title='bbox 700 1841 818 1898; x_wconf 88' lang='lat' dir='ltr'><strong>turbidus</strong></span> <span class='ocrx_word' id='word_1_167' title='bbox 842 1843 965 1915; x_wconf 87' lang='lat' dir='ltr'><strong>ingenio:</strong></span> 
     </span>
     <span class='ocr_line' id='line_1_25' title="bbox 169 1917 966 1992; baseline -0.005 -16"><span class='ocrx_word' id='word_1_168' title='bbox 169 1919 214 1976; x_wconf 90' lang='lat' dir='ltr'><strong>sed</strong></span> <span class='ocrx_word' id='word_1_169' title='bbox 235 1920 295 1991; x_wconf 92' lang='lat' dir='ltr'><strong>quia</strong></span> <span class='ocrx_word' id='word_1_170' title='bbox 314 1938 391 1975; x_wconf 86' lang='lat' dir='ltr'><strong>naves</strong></span> <span class='ocrx_word' id='word_1_171' title='bbox 412 1920 510 1978; x_wconf 77' lang='lat' dir='ltr'><strong>sevitia</strong></span> <span class='ocrx_word' id='word_1_172' title='bbox 530 1917 621 1972; x_wconf 88' lang='lat' dir='ltr'><strong>hiemis</strong></span> <span class='ocrx_word' id='word_1_173' title='bbox 642 1918 850 1990; x_wconf 85' lang='lat' dir='ltr'><strong>prohibebantur,</strong></span> <span class='ocrx_word' id='word_1_174' title='bbox 869 1921 966 1992; x_wconf 81' lang='lat' dir='ltr'><strong>vulgus</strong></span> 
     </span>
     <span class='ocr_line' id='line_1_26' title="bbox 169 1994 967 2066; baseline -0.001 -13"><span class='ocrx_word' id='word_1_175' title='bbox 169 1997 289 2054; x_wconf 84' lang='lat' dir='ltr'><strong>elimenta</strong></span> <span class='ocrx_word' id='word_1_176' title='bbox 300 1997 328 2053; x_wconf 91' lang='lat' dir='ltr'><strong>in</strong></span> <span class='ocrx_word' id='word_1_177' title='bbox 339 1997 393 2052; x_wconf 91' lang='lat' dir='ltr'><strong>dies</strong></span> <span class='ocrx_word' id='word_1_178' title='bbox 406 1995 511 2052; x_wconf 89' lang='lat' dir='ltr'><strong>mercari</strong></span> <span class='ocrx_word' id='word_1_179' title='bbox 528 1994 639 2062; x_wconf 84' lang='lat' dir='ltr'><strong>solitum,</strong></span> <span class='ocrx_word' id='word_1_180' title='bbox 651 1995 693 2049; x_wconf 90' lang='lat' dir='ltr'><strong>cui</strong></span> <span class='ocrx_word' id='word_1_181' title='bbox 710 2012 762 2049; x_wconf 90' lang='lat' dir='ltr'><strong>nna</strong></span> <span class='ocrx_word' id='word_1_182' title='bbox 776 2013 809 2050; x_wconf 86' lang='lat' dir='ltr'><strong>ex</strong></span> <span class='ocrx_word' id='word_1_183' title='bbox 820 1996 967 2066; x_wconf 87' lang='lat' dir='ltr'><strong>republica</strong></span> 
     </span>
     <span class='ocr_line' id='line_1_27' title="bbox 168 2071 967 2139; baseline -0.003 -9"><span class='ocrx_word' id='word_1_184' title='bbox 168 2092 274 2130; x_wconf 83' lang='lat' dir='ltr'><strong>annona</strong></span> <span class='ocrx_word' id='word_1_185' title='bbox 292 2092 360 2139; x_wconf 86' lang='lat' dir='ltr'><strong>cura,</strong></span> <span class='ocrx_word' id='word_1_186' title='bbox 379 2073 493 2127; x_wconf 80' lang='lat' dir='ltr'><strong>clausum</strong></span> <span class='ocrx_word' id='word_1_187' title='bbox 510 2071 581 2134; x_wconf 89' lang='lat' dir='ltr'><strong>litus,</strong></span> <span class='ocrx_word' id='word_1_188' title='bbox 600 2071 706 2126; x_wconf 88' lang='lat' dir='ltr'><strong>retineri</strong></span> <span class='ocrx_word' id='word_1_189' title='bbox 719 2075 885 2136; x_wconf 83' lang='lat' dir='ltr'><strong>commeatus,</strong></span> <span class='ocrx_word' id='word_1_190' title='bbox 904 2073 967 2128; x_wconf 88' lang='lat' dir='ltr'><strong>dum</strong></span> 
     </span>
     <span class='ocr_line' id='line_1_28' title="bbox 167 2147 967 2220; baseline 0 -16"><span class='ocrx_word' id='word_1_191' title='bbox 167 2151 251 2214; x_wconf 88' lang='lat' dir='ltr'><strong>timet,</strong></span> <span class='ocrx_word' id='word_1_192' title='bbox 275 2150 412 2214; x_wconf 87' lang='lat' dir='ltr'><strong>credebat;</strong></span> <span class='ocrx_word' id='word_1_193' title='bbox 440 2147 593 2220; x_wconf 88' lang='lat' dir='ltr'><strong>augentibus</strong></span> <span class='ocrx_word' id='word_1_194' title='bbox 622 2147 716 2202; x_wconf 85' lang='lat' dir='ltr'><strong>samam</strong></span> <span class='ocrx_word' id='word_1_195' title='bbox 741 2147 895 2214; x_wconf 84' lang='lat' dir='ltr'><strong>Vitellianis,</strong></span> <span class='ocrx_word' id='word_1_196' title='bbox 922 2149 967 2220; x_wconf 91' lang='lat' dir='ltr'><strong>qni</strong></span> 
     </span>
     <span class='ocr_line' id='line_1_29' title="bbox 169 2223 967 2298; baseline 0.003 -18"><span class='ocrx_word' id='word_1_197' title='bbox 169 2227 281 2282; x_wconf 87' lang='lat' dir='ltr'><strong>studium</strong></span> <span class='ocrx_word' id='word_1_198' title='bbox 309 2227 421 2298; x_wconf 89' lang='lat' dir='ltr'><strong>partium</strong></span> <span class='ocrx_word' id='word_1_199' title='bbox 444 2223 558 2280; x_wconf 88' lang='lat' dir='ltr'><strong>nondum</strong></span> <span class='ocrx_word' id='word_1_200' title='bbox 586 2228 741 2294; x_wconf 88' lang='lat' dir='ltr'><strong>posuerant;</strong></span> <span class='ocrx_word' id='word_1_201' title='bbox 766 2242 799 2278; x_wconf 91' lang='lat' dir='ltr'><strong>ne</strong></span> <span class='ocrx_word' id='word_1_202' title='bbox 822 2225 967 2282; x_wconf 85' lang='lat' dir='ltr'><strong>victoribus</strong></span> 
     </span>
     <span class='ocr_line' id='line_1_30' title="bbox 168 2299 966 2372; baseline 0.005 -20"><span class='ocrx_word' id='word_1_203' title='bbox 168 2301 269 2368; x_wconf 89' lang='lat' dir='ltr'><strong>quidem</strong></span> <span class='ocrx_word' id='word_1_204' title='bbox 287 2302 388 2370; x_wconf 88' lang='lat' dir='ltr'><strong>ingrato</strong></span> <span class='ocrx_word' id='word_1_205' title='bbox 406 2319 515 2365; x_wconf 87' lang='lat' dir='ltr'><strong>rumore,</strong></span> <span class='ocrx_word' id='word_1_206' title='bbox 538 2317 646 2372; x_wconf 90' lang='lat' dir='ltr'><strong>quorum</strong></span> <span class='ocrx_word' id='word_1_207' title='bbox 666 2299 827 2370; x_wconf 88' lang='lat' dir='ltr'><strong>cupiditates,</strong></span> <span class='ocrx_word' id='word_1_208' title='bbox 850 2302 966 2356; x_wconf 83' lang='lat' dir='ltr'><strong>externis</strong></span> 
     </span>
     <span class='ocr_line' id='line_1_31' title="bbox 168 2373 1032 2445; baseline 0.01 -24"><span class='ocrx_word' id='word_1_209' title='bbox 168 2388 268 2437; x_wconf 89' lang='lat' dir='ltr'><strong>quoque</strong></span> <span class='ocrx_word' id='word_1_210' title='bbox 279 2373 351 2426; x_wconf 87' lang='lat' dir='ltr'><strong>bellis</strong></span> <span class='ocrx_word' id='word_1_211' title='bbox 363 2375 533 2443; x_wconf 81' lang='lat' dir='ltr'><strong>inexplebiles,</strong></span> <span class='ocrx_word' id='word_1_212' title='bbox 551 2375 621 2428; x_wconf 91' lang='lat' dir='ltr'><strong>nulla</strong></span> <span class='ocrx_word' id='word_1_213' title='bbox 636 2393 748 2445; x_wconf 89' lang='lat' dir='ltr'><strong>unquam</strong></span> <span class='ocrx_word' id='word_1_214' title='bbox 761 2375 842 2430; x_wconf 87' lang='lat' dir='ltr'><strong>civilis</strong></span> <span class='ocrx_word' id='word_1_215' title='bbox 856 2377 967 2432; x_wconf 85' lang='lat' dir='ltr'><strong>victoria</strong></span> <span class='ocrx_word' id='word_1_216' title='bbox 1031 2433 1032 2440; x_wconf 9' lang='grc' dir='ltr'>χ</span> 
     </span>
     <span class='ocr_line' id='line_1_32' title="bbox 123 2442 967 2519; baseline 0.013 -24"><span class='ocrx_word' id='word_1_217' title='bbox 123 2447 160 2496; x_wconf 86' lang='grc'><strong>39</strong></span> <span class='ocrx_word' id='word_1_218' title='bbox 168 2442 276 2493; x_wconf 82' lang='lat' dir='ltr'><strong>satiavit.</strong></span> <span class='ocrx_word' id='word_1_219' title='bbox 320 2445 441 2500; x_wconf 87' lang='lat' dir='ltr'><strong>Kalendis</strong></span> <span class='ocrx_word' id='word_1_220' title='bbox 463 2449 591 2504; x_wconf 84' lang='lat' dir='ltr'><strong>Januariis</strong></span> <span class='ocrx_word' id='word_1_221' title='bbox 611 2449 639 2502; x_wconf 91' lang='lat' dir='ltr'><strong>in</strong></span> <span class='ocrx_word' id='word_1_222' title='bbox 659 2452 757 2514; x_wconf 88' lang='lat' dir='ltr'><strong>senatu,</strong></span> <span class='ocrx_word' id='word_1_223' title='bbox 780 2468 857 2519; x_wconf 90' lang='lat' dir='ltr'><strong>quem</strong></span> <span class='ocrx_word' id='word_1_224' title='bbox 878 2452 967 2506; x_wconf 90' lang='lat' dir='ltr'><strong>Julius</strong></span> 
     </span>
    </p>
   </div>
   <div class='ocr_carea' id='block_1_3' title="bbox 167 2513 1031 2746">
    <p class='ocr_par' dir='ltr' id='par_1_4' title="bbox 167 2513 1031 2746">
     <span class='ocr_line' id='line_1_33' title="bbox 168 2513 968 2596; baseline 0.028 -36"><span class='ocrx_word' id='word_1_225' title='bbox 168 2513 314 2596; x_wconf 46' lang='lat' dir='ltr'><strong>montium,</strong></span> <span class='ocrx_word' id='word_1_226' title='bbox 338 2521 431 2581; x_wconf 85' lang='lat' dir='ltr'><strong>praetor</strong></span> <span class='ocrx_word' id='word_1_227' title='bbox 447 2522 568 2589; x_wconf 85' lang='lat' dir='ltr'><strong>urbanus,</strong></span> <span class='ocrx_word' id='word_1_228' title='bbox 585 2527 727 2588; x_wconf 83' lang='lat' dir='ltr'><strong>vocaverat,</strong></span> <span class='ocrx_word' id='word_1_229' title='bbox 752 2524 843 2594; x_wconf 88' lang='lat' dir='ltr'><strong>legatis</strong></span> <span class='ocrx_word' id='word_1_230' title='bbox 866 2527 968 2582; x_wconf 88' lang='lat' dir='ltr'><strong>exerci-</strong></span> 
     </span>
     <span class='ocr_line' id='line_1_34' title="bbox 167 2583 967 2667; baseline 0.028 -34"><span class='ocrx_word' id='word_1_231' title='bbox 167 2583 287 2666; x_wconf 81' lang='lat' dir='ltr'><strong>tibusque</strong></span> <span class='ocrx_word' id='word_1_232' title='bbox 298 2601 328 2636; x_wconf 87' lang='lat' dir='ltr'><strong>ac</strong></span> <span class='ocrx_word' id='word_1_233' title='bbox 339 2588 441 2654; x_wconf 86' lang='lat' dir='ltr'><strong>regibus</strong></span> <span class='ocrx_word' id='word_1_234' title='bbox 452 2592 539 2648; x_wconf 87' lang='lat' dir='ltr'><strong>laudes</strong></span> <span class='ocrx_word' id='word_1_235' title='bbox 548 2601 684 2667; x_wconf 85' lang='lat' dir='ltr'><strong>gratesque</strong></span> <span class='ocrx_word' id='word_1_236' title='bbox 696 2599 819 2665; x_wconf 83' lang='lat' dir='ltr'><strong>decretoe;</strong></span> <span class='ocrx_word' id='word_1_237' title='bbox 838 2604 865 2654; x_wconf 92' lang='lat' dir='ltr'><strong>et</strong></span> <span class='ocrx_word' id='word_1_238' title='bbox 877 2601 967 2655; x_wconf 85' lang='lat' dir='ltr'><strong>Tettio</strong></span> 
     </span>
     <span class='ocr_line' id='line_1_35' title="bbox 168 2655 1031 2746; baseline 0.032 -39"><span class='ocrx_word' id='word_1_239' title='bbox 168 2655 270 2708; x_wconf 85' lang='lat' dir='ltr'><strong>Juhano</strong></span> <span class='ocrx_word' id='word_1_240' title='bbox 293 2662 410 2724; x_wconf 84' lang='lat' dir='ltr'><strong>praetura,</strong></span> <span class='ocrx_word' id='word_1_241' title='bbox 432 2667 552 2734; x_wconf 88' lang='lat' dir='ltr'><strong>tanquam</strong></span> <span class='ocrx_word' id='word_1_242' title='bbox 576 2673 802 2742; x_wconf 84' lang='lat' dir='ltr'><strong>transgredientem</strong></span> <span class='ocrx_word' id='word_1_243' title='bbox 827 2675 855 2729; x_wconf 91' lang='lat' dir='ltr'><strong>in</strong></span> <span class='ocrx_word' id='word_1_244' title='bbox 876 2681 966 2746; x_wconf 82' lang='lat' dir='ltr'><strong>partes</strong></span> <span class='ocrx_word' id='word_1_245' title='bbox 1030 2733 1031 2740; x_wconf 72' lang='grc'>,</span> 
     </span>
    </p>
   </div>
   <div class='ocr_carea' id='block_1_4' title="bbox 0 0 1051 3026">
    <p class='ocr_par' dir='ltr' id='par_1_5' title="bbox 0 0 1051 3026">
     <span class='ocr_line' id='line_1_36' title="bbox 0 0 1051 3026; baseline 0 0"><span class='ocrx_word' id='word_1_246' title='bbox 0 0 1051 3026; x_wconf 95' lang='lat' dir='ltr'><strong> </strong></span> 
     </span>
    </p>
   </div>
  </div>
 </body>
</html>
