<?xml version="1.0" encoding="UTF-8"?>
<!DOCTYPE html PUBLIC "-//W3C//DTD XHTML 1.0 Transitional//EN"
    "http://www.w3.org/TR/xhtml1/DTD/xhtml1-transitional.dtd">
<html xmlns="http://www.w3.org/1999/xhtml" xml:lang="en" lang="en">
 <head>
  <title>
</title>
<meta http-equiv="Content-Type" content="text/html;charset=utf-8" />
  <meta name='ocr-system' content='tesseract 3.04.00' />
  <meta name='ocr-capabilities' content='ocr_page ocr_carea ocr_par ocr_line ocrx_word'/>
</head>
<body>
  <div class='ocr_page' id='page_1' title='image "./opera01tacigoog_0143.png"; bbox 0 0 2096 3038; ppageno 0'>
   <div class='ocr_carea' id='block_1_1' title="bbox 158 131 968 241">
    <p class='ocr_par' dir='ltr' id='par_1_1' title="bbox 158 131 968 241">
     <span class='ocr_line' id='line_1_1' title="bbox 158 131 614 182; baseline -0.002 0"><span class='ocrx_word' id='word_1_1' title='bbox 158 131 204 182; x_wconf 81' lang='lat' dir='ltr'><strong>loo</strong></span> <span class='ocrx_word' id='word_1_2' title='bbox 494 131 614 182; x_wconf 75' lang='lat' dir='ltr'><strong>rsclrl</strong></span> 
     </span>
     <span class='ocr_line' id='line_1_2' title="bbox 791 191 968 241; baseline 0 -8"><span class='ocrx_word' id='word_1_3' title='bbox 791 193 826 241; x_wconf 84' lang='lat' dir='ltr'><strong>[s.</strong></span> <span class='ocrx_word' id='word_1_4' title='bbox 836 192 865 231; x_wconf 89' lang='lat' dir='ltr'><strong>u.</strong></span> <span class='ocrx_word' id='word_1_5' title='bbox 876 191 901 232; x_wconf 88' lang='lat' dir='ltr'><strong>o.</strong></span> <span class='ocrx_word' id='word_1_6' title='bbox 912 191 968 233; x_wconf 84' lang='lat' dir='ltr'><strong>sss.</strong></span> 
     </span>
    </p>
   </div>
   <div class='ocr_carea' id='block_1_2' title="bbox 125 241 969 2306">
    <p class='ocr_par' dir='ltr' id='par_1_2' title="bbox 136 241 969 927">
     <span class='ocr_line' id='line_1_3' title="bbox 158 241 969 314; baseline -0.007 -13"><span class='ocrx_word' id='word_1_7' title='bbox 158 242 260 301; x_wconf 71' lang='lat' dir='ltr'><strong>dmum</strong></span> <span class='ocrx_word' id='word_1_8' title='bbox 277 241 401 308; x_wconf 83' lang='lat' dir='ltr'><strong>conferre,</strong></span> <span class='ocrx_word' id='word_1_9' title='bbox 414 245 489 314; x_wconf 83' lang='lat' dir='ltr'><strong>cujus</strong></span> <span class='ocrx_word' id='word_1_10' title='bbox 506 241 726 301; x_wconf 73' lang='lat' dir='ltr'><strong>criminationibus</strong></span> <span class='ocrx_word' id='word_1_11' title='bbox 745 241 897 298; x_wconf 78' lang='lat' dir='ltr'><strong>eviluissent</strong></span> <span class='ocrx_word' id='word_1_12' title='bbox 916 261 969 312; x_wconf 73' lang='lat' dir='ltr'><strong>pe</strong></span> 
     </span>
     <span class='ocr_line' id='line_1_4' title="bbox 158 317 969 390; baseline -0.002 -14"><span class='ocrx_word' id='word_1_13' title='bbox 158 319 239 376; x_wconf 76' lang='lat' dir='ltr'><strong>rioms</strong></span> <span class='ocrx_word' id='word_1_14' title='bbox 263 338 317 375; x_wconf 91' lang='lat' dir='ltr'><strong>sua.</strong></span> <span class='ocrx_word' id='word_1_15' title='bbox 354 319 412 376; x_wconf 84' lang='lat' dir='ltr'><strong>Neo</strong></span> <span class='ocrx_word' id='word_1_16' title='bbox 436 321 596 377; x_wconf 76' lang='lat' dir='ltr'><strong>sermonibus</strong></span> <span class='ocrx_word' id='word_1_17' title='bbox 619 319 785 390; x_wconf 88' lang='lat' dir='ltr'><strong>temperabat,</strong></span> <span class='ocrx_word' id='word_1_18' title='bbox 804 317 969 374; x_wconf 85' lang='lat' dir='ltr'><strong>immodicus</strong></span> 
     </span>
     <span class='ocr_line' id='line_1_5' title="bbox 136 394 969 468; baseline 0.001 -19"><span class='ocrx_word' id='word_1_19' title='bbox 136 395 247 468; x_wconf 60' lang='lat' dir='ltr'><strong>filingas</strong></span> <span class='ocrx_word' id='word_1_20' title='bbox 264 399 291 452; x_wconf 90' lang='lat' dir='ltr'><strong>et</strong></span> <span class='ocrx_word' id='word_1_21' title='bbox 309 395 424 468; x_wconf 91' lang='lat' dir='ltr'><strong>obsequii</strong></span> <span class='ocrx_word' id='word_1_22' title='bbox 441 396 562 452; x_wconf 76' lang='lat' dir='ltr'><strong>insolens,</strong></span> <span class='ocrx_word' id='word_1_23' title='bbox 598 397 700 452; x_wconf 80' lang='lat' dir='ltr'><strong>Literas</strong></span> <span class='ocrx_word' id='word_1_24' title='bbox 717 395 750 450; x_wconf 90' lang='lat' dir='ltr'><strong>ad</strong></span> <span class='ocrx_word' id='word_1_25' title='bbox 763 394 969 465; x_wconf 79' lang='lat' dir='ltr'><strong>Vespasianum</strong></span> 
     </span>
     <span class='ocr_line' id='line_1_6' title="bbox 158 471 969 545; baseline -0.002 -16"><span class='ocrx_word' id='word_1_26' title='bbox 158 473 303 544; x_wconf 85' lang='lat' dir='ltr'><strong>composuit</strong></span> <span class='ocrx_word' id='word_1_27' title='bbox 315 473 457 544; x_wconf 87' lang='lat' dir='ltr'><strong>jactantius</strong></span> <span class='ocrx_word' id='word_1_28' title='bbox 474 491 550 545; x_wconf 85' lang='lat' dir='ltr'><strong>quam</strong></span> <span class='ocrx_word' id='word_1_29' title='bbox 568 473 600 528; x_wconf 90' lang='lat' dir='ltr'><strong>ad</strong></span> <span class='ocrx_word' id='word_1_30' title='bbox 615 473 763 544; x_wconf 87' lang='lat' dir='ltr'><strong>prinoipem,</strong></span> <span class='ocrx_word' id='word_1_31' title='bbox 779 489 826 526; x_wconf 89' lang='lat' dir='ltr'><strong>neo</strong></span> <span class='ocrx_word' id='word_1_32' title='bbox 844 471 902 526; x_wconf 90' lang='lat' dir='ltr'><strong>sine</strong></span> <span class='ocrx_word' id='word_1_33' title='bbox 915 489 969 527; x_wconf 83' lang='lat' dir='ltr'><strong>oo·</strong></span> 
     </span>
     <span class='ocr_line' id='line_1_7' title="bbox 159 547 968 617; baseline -0.001 -12"><span class='ocrx_word' id='word_1_34' title='bbox 159 549 230 605; x_wconf 88' lang='lat' dir='ltr'><strong>culta</strong></span> <span class='ocrx_word' id='word_1_35' title='bbox 240 549 268 603; x_wconf 91' lang='lat' dir='ltr'><strong>in</strong></span> <span class='ocrx_word' id='word_1_36' title='bbox 279 549 430 604; x_wconf 83' lang='lat' dir='ltr'><strong>Mucianum</strong></span> <span class='ocrx_word' id='word_1_37' title='bbox 438 549 621 606; x_wconf 85' lang='lat' dir='ltr'><strong>insectatione:</strong></span> <span class='ocrx_word' id='word_1_38' title='bbox 635 568 663 604; x_wconf 91' lang='lat' dir='ltr'><strong>se</strong></span> <span class='ocrx_word' id='word_1_39' title='bbox 671 549 829 604; x_wconf 86' lang='lat' dir='ltr'><strong>Pannonicus</strong></span> <span class='ocrx_word' id='word_1_40' title='bbox 838 547 968 617; x_wconf 80' lang='lat' dir='ltr'><strong>legiones</strong></span> 
     </span>
     <span class='ocr_line' id='line_1_8' title="bbox 158 624 966 696; baseline 0 -16"><span class='ocrx_word' id='word_1_41' title='bbox 158 625 188 680; x_wconf 91' lang='lat' dir='ltr'><strong>in</strong></span> <span class='ocrx_word' id='word_1_42' title='bbox 211 643 281 680; x_wconf 72' lang='lat' dir='ltr'><strong>mma</strong></span> <span class='ocrx_word' id='word_1_43' title='bbox 300 626 401 696; x_wconf 86' lang='lat' dir='ltr'><strong>egisse;</strong></span> <span class='ocrx_word' id='word_1_44' title='bbox 427 627 480 681; x_wconf 87' lang='lat' dir='ltr'><strong>suis</strong></span> <span class='ocrx_word' id='word_1_45' title='bbox 492 627 610 682; x_wconf 85' lang='lat' dir='ltr'><strong>stimulis</strong></span> <span class='ocrx_word' id='word_1_46' title='bbox 629 626 728 682; x_wconf 84' lang='lat' dir='ltr'><strong>excitos</strong></span> <span class='ocrx_word' id='word_1_47' title='bbox 741 625 847 680; x_wconf 84' lang='lat' dir='ltr'><strong>Moesiue</strong></span> <span class='ocrx_word' id='word_1_48' title='bbox 866 624 966 691; x_wconf 64' lang='lat' dir='ltr'><strong>dum,</strong></span> 
     </span>
     <span class='ocr_line' id='line_1_9' title="bbox 160 701 968 774; baseline -0.001 -18"><span class='ocrx_word' id='word_1_49' title='bbox 160 719 209 756; x_wconf 90' lang='lat' dir='ltr'><strong>sua</strong></span> <span class='ocrx_word' id='word_1_50' title='bbox 223 702 367 756; x_wconf 83' lang='lat' dir='ltr'><strong>constantia</strong></span> <span class='ocrx_word' id='word_1_51' title='bbox 378 706 513 774; x_wconf 78' lang='lat' dir='ltr'><strong>pomptus</strong></span> <span class='ocrx_word' id='word_1_52' title='bbox 530 703 617 774; x_wconf 87' lang='lat' dir='ltr'><strong>Alpes,</strong></span> <span class='ocrx_word' id='word_1_53' title='bbox 630 705 780 773; x_wconf 89' lang='lat' dir='ltr'><strong>occupatam</strong></span> <span class='ocrx_word' id='word_1_54' title='bbox 791 701 905 766; x_wconf 85' lang='lat' dir='ltr'><strong>Italiam,</strong></span> <span class='ocrx_word' id='word_1_55' title='bbox 919 701 968 756; x_wconf 88' lang='lat' dir='ltr'><strong>in-</strong></span> 
     </span>
     <span class='ocr_line' id='line_1_10' title="bbox 139 777 967 850; baseline -0.002 -15"><span class='ocrx_word' id='word_1_56' title='bbox 139 781 277 847; x_wconf 77' lang='lat' dir='ltr'><strong>ttersepta</strong></span> <span class='ocrx_word' id='word_1_57' title='bbox 307 777 490 834; x_wconf 82' lang='lat' dir='ltr'><strong>Germanorum</strong></span> <span class='ocrx_word' id='word_1_58' title='bbox 520 780 701 850; x_wconf 77' lang='lat' dir='ltr'><strong>Ratorumque</strong></span> <span class='ocrx_word' id='word_1_59' title='bbox 725 777 827 834; x_wconf 79' lang='lat' dir='ltr'><strong>auxilia</strong></span> <span class='ocrx_word' id='word_1_60' title='bbox 876 777 967 836; x_wconf 79' lang='lat' dir='ltr'><strong>Quod</strong></span> 
     </span>
     <span class='ocr_line' id='line_1_11' title="bbox 162 853 966 927; baseline 0.001 -19"><span class='ocrx_word' id='word_1_61' title='bbox 162 853 291 910; x_wconf 79' lang='lat' dir='ltr'><strong>dissordes</strong></span> <span class='ocrx_word' id='word_1_62' title='bbox 315 853 492 926; x_wconf 88' lang='lat' dir='ltr'><strong>dispersasque</strong></span> <span class='ocrx_word' id='word_1_63' title='bbox 512 855 612 912; x_wconf 89' lang='lat' dir='ltr'><strong>Vitellii</strong></span> <span class='ocrx_word' id='word_1_64' title='bbox 634 855 746 927; x_wconf 84' lang='lat' dir='ltr'><strong>legiones</strong></span> <span class='ocrx_word' id='word_1_65' title='bbox 765 853 878 926; x_wconf 77' lang='lat' dir='ltr'><strong>equestri</strong></span> <span class='ocrx_word' id='word_1_66' title='bbox 900 872 966 924; x_wconf 88' lang='lat' dir='ltr'><strong>pro-</strong></span> 
     </span>
    </p>

    <p class='ocr_par' dir='ltr' id='par_1_3' title="bbox 143 929 966 1002">
     <span class='ocr_line' id='line_1_12' title="bbox 143 929 966 1002; baseline 0 -16"><span class='ocrx_word' id='word_1_67' title='bbox 143 967 149 978; x_wconf 85' lang='lat'>·</span> <span class='ocrx_word' id='word_1_68' title='bbox 163 930 233 996; x_wconf 83' lang='lat' dir='ltr'><strong>cella,</strong></span> <span class='ocrx_word' id='word_1_69' title='bbox 247 947 307 984; x_wconf 86' lang='lat' dir='ltr'><strong>mox</strong></span> <span class='ocrx_word' id='word_1_70' title='bbox 318 929 434 1000; x_wconf 86' lang='lat' dir='ltr'><strong>peditum</strong></span> <span class='ocrx_word' id='word_1_71' title='bbox 445 931 471 986; x_wconf 82' lang='lat' dir='ltr'><strong>vi</strong></span> <span class='ocrx_word' id='word_1_72' title='bbox 482 950 528 1002; x_wconf 90' lang='lat' dir='ltr'><strong>per</strong></span> <span class='ocrx_word' id='word_1_73' title='bbox 544 931 611 988; x_wconf 89' lang='lat' dir='ltr'><strong>diem</strong></span> <span class='ocrx_word' id='word_1_74' title='bbox 627 935 779 1002; x_wconf 88' lang='lat' dir='ltr'><strong>noctemque</strong></span> <span class='ocrx_word' id='word_1_75' title='bbox 795 930 916 996; x_wconf 82' lang='lat' dir='ltr'><strong>fudisset,</strong></span> <span class='ocrx_word' id='word_1_76' title='bbox 932 931 966 986; x_wconf 89' lang='lat' dir='ltr'><strong>id</strong></span> 
     </span>
    </p>

    <p class='ocr_par' dir='ltr' id='par_1_4' title="bbox 141 1007 964 1308">
     <span class='ocr_line' id='line_1_13' title="bbox 141 1007 964 1079; baseline 0 -17"><span class='ocrx_word' id='word_1_77' title='bbox 141 1007 360 1079; x_wconf 72' lang='lat' dir='ltr'><strong>spnloherrimum</strong></span> <span class='ocrx_word' id='word_1_78' title='bbox 384 1011 411 1062; x_wconf 85' lang='lat' dir='ltr'><strong>et</strong></span> <span class='ocrx_word' id='word_1_79' title='bbox 430 1009 470 1062; x_wconf 89' lang='lat' dir='ltr'><strong>sui</strong></span> <span class='ocrx_word' id='word_1_80' title='bbox 488 1009 580 1079; x_wconf 89' lang='lat' dir='ltr'><strong>operis.</strong></span> <span class='ocrx_word' id='word_1_81' title='bbox 617 1009 711 1064; x_wconf 75' lang='lat' dir='ltr'><strong>(lasum</strong></span> <span class='ocrx_word' id='word_1_82' title='bbox 734 1009 865 1062; x_wconf 85' lang='lat' dir='ltr'><strong>Cremonae</strong></span> <span class='ocrx_word' id='word_1_83' title='bbox 889 1007 964 1063; x_wconf 87' lang='lat' dir='ltr'><strong>bello</strong></span> 
     </span>
     <span class='ocr_line' id='line_1_14' title="bbox 163 1083 962 1156; baseline -0.003 -16"><span class='ocrx_word' id='word_1_84' title='bbox 163 1083 357 1156; x_wconf 87' lang='lat' dir='ltr'><strong>imputandum:</strong></span> <span class='ocrx_word' id='word_1_85' title='bbox 376 1083 471 1154; x_wconf 89' lang='lat' dir='ltr'><strong>majore</strong></span> <span class='ocrx_word' id='word_1_86' title='bbox 486 1084 584 1150; x_wconf 64' lang='lat' dir='ltr'><strong>mmno,</strong></span> <span class='ocrx_word' id='word_1_87' title='bbox 597 1085 709 1156; x_wconf 83' lang='lat' dir='ltr'><strong>plurium</strong></span> <span class='ocrx_word' id='word_1_88' title='bbox 724 1083 826 1139; x_wconf 86' lang='lat' dir='ltr'><strong>urbium</strong></span> <span class='ocrx_word' id='word_1_89' title='bbox 841 1083 962 1150; x_wconf 84' lang='lat' dir='ltr'><strong>excidiis,</strong></span> 
     </span>
     <span class='ocr_line' id='line_1_15' title="bbox 163 1159 963 1232; baseline 0.001 -16"><span class='ocrx_word' id='word_1_90' title='bbox 163 1165 264 1217; x_wconf 83' lang='lat' dir='ltr'><strong>veteres</strong></span> <span class='ocrx_word' id='word_1_91' title='bbox 276 1161 370 1216; x_wconf 89' lang='lat' dir='ltr'><strong>oivium</strong></span> <span class='ocrx_word' id='word_1_92' title='bbox 382 1159 520 1216; x_wconf 80' lang='lat' dir='ltr'><strong>discordias</strong></span> <span class='ocrx_word' id='word_1_93' title='bbox 531 1161 569 1216; x_wconf 91' lang='lat' dir='ltr'><strong>rei</strong></span> <span class='ocrx_word' id='word_1_94' title='bbox 580 1161 688 1232; x_wconf 80' lang='lat' dir='ltr'><strong>publica</strong></span> <span class='ocrx_word' id='word_1_95' title='bbox 705 1160 817 1216; x_wconf 86' lang='lat' dir='ltr'><strong>stetisse.</strong></span> <span class='ocrx_word' id='word_1_96' title='bbox 853 1160 880 1214; x_wconf 91' lang='lat' dir='ltr'>N</span> <span class='ocrx_word' id='word_1_97' title='bbox 881 1177 918 1214; x_wconf 92' lang='lat' dir='ltr'><strong>on</strong></span> <span class='ocrx_word' id='word_1_98' title='bbox 930 1179 963 1217; x_wconf 83' lang='lat' dir='ltr'><strong>se</strong></span> 
     </span>
     <span class='ocr_line' id='line_1_16' title="bbox 164 1236 963 1308; baseline -0.001 -15"><span class='ocrx_word' id='word_1_99' title='bbox 164 1238 262 1294; x_wconf 77' lang='lat' dir='ltr'><strong>nuntia</strong></span> <span class='ocrx_word' id='word_1_100' title='bbox 280 1255 362 1308; x_wconf 91' lang='lat' dir='ltr'><strong>neque</strong></span> <span class='ocrx_word' id='word_1_101' title='bbox 380 1237 503 1308; x_wconf 88' lang='lat' dir='ltr'><strong>epistolis,</strong></span> <span class='ocrx_word' id='word_1_102' title='bbox 521 1237 566 1292; x_wconf 91' lang='lat' dir='ltr'><strong>sed</strong></span> <span class='ocrx_word' id='word_1_103' title='bbox 583 1255 661 1292; x_wconf 88' lang='lat' dir='ltr'><strong>manu</strong></span> <span class='ocrx_word' id='word_1_104' title='bbox 678 1240 705 1292; x_wconf 91' lang='lat' dir='ltr'><strong>et</strong></span> <span class='ocrx_word' id='word_1_105' title='bbox 720 1237 795 1292; x_wconf 78' lang='lat' dir='ltr'><strong>musis</strong></span> <span class='ocrx_word' id='word_1_106' title='bbox 809 1236 963 1307; x_wconf 88' lang='lat' dir='ltr'><strong>imperatori</strong></span> 
     </span>
    </p>

    <p class='ocr_par' dir='ltr' id='par_1_5' title="bbox 142 1313 961 1767">
     <span class='ocr_line' id='line_1_17' title="bbox 142 1313 961 1385; baseline 0.002 -19"><span class='ocrx_word' id='word_1_107' title='bbox 142 1320 213 1370; x_wconf 82' lang='lat' dir='ltr'><strong>lisuo</strong></span> <span class='ocrx_word' id='word_1_108' title='bbox 226 1313 341 1369; x_wconf 87' lang='lat' dir='ltr'><strong>militaro.</strong></span> <span class='ocrx_word' id='word_1_109' title='bbox 378 1313 471 1384; x_wconf 86' lang='lat' dir='ltr'><strong>Neque</strong></span> <span class='ocrx_word' id='word_1_110' title='bbox 488 1314 587 1369; x_wconf 86' lang='lat' dir='ltr'><strong>officere</strong></span> <span class='ocrx_word' id='word_1_111' title='bbox 601 1313 690 1385; x_wconf 83' lang='lat' dir='ltr'><strong>glorias</strong></span> <span class='ocrx_word' id='word_1_112' title='bbox 706 1331 794 1368; x_wconf 87' lang='lat' dir='ltr'><strong>eornm</strong></span> <span class='ocrx_word' id='word_1_113' title='bbox 812 1313 856 1384; x_wconf 88' lang='lat' dir='ltr'><strong>qni</strong></span> <span class='ocrx_word' id='word_1_114' title='bbox 867 1313 961 1368; x_wconf 89' lang='lat' dir='ltr'><strong>Asiam</strong></span> 
     </span>
     <span class='ocr_line' id='line_1_18' title="bbox 165 1388 961 1461; baseline 0 -15"><span class='ocrx_word' id='word_1_115' title='bbox 165 1391 269 1446; x_wconf 86' lang='lat' dir='ltr'><strong>interim</strong></span> <span class='ocrx_word' id='word_1_116' title='bbox 280 1390 476 1461; x_wconf 76' lang='lat' dir='ltr'><strong>composuerint.</strong></span> <span class='ocrx_word' id='word_1_117' title='bbox 512 1390 567 1445; x_wconf 88' lang='lat' dir='ltr'><strong>Illis</strong></span> <span class='ocrx_word' id='word_1_118' title='bbox 574 1389 673 1445; x_wconf 83' lang='lat' dir='ltr'><strong>Moesiae</strong></span> <span class='ocrx_word' id='word_1_119' title='bbox 685 1407 780 1461; x_wconf 90' lang='lat' dir='ltr'><strong>paoem,</strong></span> <span class='ocrx_word' id='word_1_120' title='bbox 788 1389 837 1444; x_wconf 90' lang='lat' dir='ltr'><strong>sibi</strong></span> <span class='ocrx_word' id='word_1_121' title='bbox 848 1388 961 1446; x_wconf 83' lang='lat' dir='ltr'><strong>sulutem</strong></span> 
     </span>
     <span class='ocr_line' id='line_1_19' title="bbox 167 1466 961 1538; baseline -0.003 -16"><span class='ocrx_word' id='word_1_122' title='bbox 167 1467 382 1538; x_wconf 83' lang='lat' dir='ltr'><strong>securitatemque</strong></span> <span class='ocrx_word' id='word_1_123' title='bbox 399 1467 484 1521; x_wconf 87' lang='lat' dir='ltr'><strong>Italiae</strong></span> <span class='ocrx_word' id='word_1_124' title='bbox 502 1466 572 1522; x_wconf 84' lang='lat' dir='ltr'><strong>cordi</strong></span> <span class='ocrx_word' id='word_1_125' title='bbox 589 1467 684 1533; x_wconf 77' lang='lat' dir='ltr'><strong>finisse3</strong></span> <span class='ocrx_word' id='word_1_126' title='bbox 703 1466 756 1521; x_wconf 90' lang='lat' dir='ltr'><strong>suis</strong></span> <span class='ocrx_word' id='word_1_127' title='bbox 774 1466 961 1521; x_wconf 85' lang='lat' dir='ltr'><strong>exhortationi-</strong></span> 
     </span>
     <span class='ocr_line' id='line_1_20' title="bbox 169 1543 960 1614; baseline -0.003 -15"><span class='ocrx_word' id='word_1_128' title='bbox 169 1543 215 1600; x_wconf 90' lang='lat' dir='ltr'><strong>bus</strong></span> <span class='ocrx_word' id='word_1_129' title='bbox 235 1543 329 1598; x_wconf 86' lang='lat' dir='ltr'><strong>Gallias</strong></span> <span class='ocrx_word' id='word_1_130' title='bbox 348 1543 544 1614; x_wconf 77' lang='lat' dir='ltr'><strong>Hispaniasque,</strong></span> <span class='ocrx_word' id='word_1_131' title='bbox 561 1543 740 1598; x_wconf 87' lang='lat' dir='ltr'><strong>validissimam</strong></span> <span class='ocrx_word' id='word_1_132' title='bbox 757 1546 883 1598; x_wconf 85' lang='lat' dir='ltr'><strong>terrarum</strong></span> <span class='ocrx_word' id='word_1_133' title='bbox 899 1561 960 1612; x_wconf 88' lang='lat' dir='ltr'><strong>par-</strong></span> 
     </span>
     <span class='ocr_line' id='line_1_21' title="bbox 144 1619 960 1690; baseline -0.002 -14"><span class='ocrx_word' id='word_1_134' title='bbox 144 1623 227 1686; x_wconf 71' lang='lat' dir='ltr'><strong>atam,</strong></span> <span class='ocrx_word' id='word_1_135' title='bbox 243 1619 275 1675; x_wconf 90' lang='lat' dir='ltr'><strong>ad</strong></span> <span class='ocrx_word' id='word_1_136' title='bbox 290 1620 476 1690; x_wconf 84' lang='lat' dir='ltr'><strong>Vespasianum</strong></span> <span class='ocrx_word' id='word_1_137' title='bbox 494 1637 634 1675; x_wconf 86' lang='lat' dir='ltr'><strong>conversas.</strong></span> <span class='ocrx_word' id='word_1_138' title='bbox 675 1619 725 1674; x_wconf 84' lang='lat' dir='ltr'><strong>Sed</strong></span> <span class='ocrx_word' id='word_1_139' title='bbox 741 1619 862 1675; x_wconf 87' lang='lat' dir='ltr'><strong>cecidisse</strong></span> <span class='ocrx_word' id='word_1_140' title='bbox 880 1620 909 1674; x_wconf 90' lang='lat' dir='ltr'><strong>in</strong></span> <span class='ocrx_word' id='word_1_141' title='bbox 924 1621 960 1674; x_wconf 90' lang='lat' dir='ltr'><strong>ir-</strong></span> 
     </span>
     <span class='ocr_line' id='line_1_22' title="bbox 166 1695 959 1767; baseline -0.003 -15"><span class='ocrx_word' id='word_1_142' title='bbox 166 1696 246 1752; x_wconf 85' lang='lat' dir='ltr'><strong>ritum</strong></span> <span class='ocrx_word' id='word_1_143' title='bbox 263 1696 369 1762; x_wconf 87' lang='lat' dir='ltr'><strong>labores,</strong></span> <span class='ocrx_word' id='word_1_144' title='bbox 383 1697 406 1752; x_wconf 91' lang='lat' dir='ltr'><strong>si</strong></span> <span class='ocrx_word' id='word_1_145' title='bbox 420 1695 524 1767; x_wconf 79' lang='lat' dir='ltr'><strong>pransis</strong></span> <span class='ocrx_word' id='word_1_146' title='bbox 540 1695 711 1766; x_wconf 87' lang='lat' dir='ltr'><strong>periculorum</strong></span> <span class='ocrx_word' id='word_1_147' title='bbox 725 1695 773 1750; x_wconf 89' lang='lat' dir='ltr'><strong>soli</strong></span> <span class='ocrx_word' id='word_1_148' title='bbox 790 1700 959 1766; x_wconf 86' lang='lat' dir='ltr'><strong>assequantur</strong></span> 
     </span>
    </p>

    <p class='ocr_par' dir='ltr' id='par_1_6' title="bbox 141 1771 959 1996">
     <span class='ocr_line' id='line_1_23' title="bbox 141 1771 959 1844; baseline -0.001 -17"><span class='ocrx_word' id='word_1_149' title='bbox 141 1815 145 1821; x_wconf 91' lang='lat'><em>.</em></span> <span class='ocrx_word' id='word_1_150' title='bbox 168 1773 213 1843; x_wconf 90' lang='lat' dir='ltr'><strong>qui</strong></span> <span class='ocrx_word' id='word_1_151' title='bbox 231 1773 349 1844; x_wconf 86' lang='lat' dir='ltr'><strong>periculis</strong></span> <span class='ocrx_word' id='word_1_152' title='bbox 369 1791 421 1828; x_wconf 89' lang='lat' dir='ltr'><strong>non</strong></span> <span class='ocrx_word' id='word_1_153' title='bbox 443 1773 569 1828; x_wconf 85' lang='lat' dir='ltr'><strong>affuerint.</strong></span> <span class='ocrx_word' id='word_1_154' title='bbox 605 1772 662 1827; x_wconf 89' lang='lat' dir='ltr'><strong>Nec</strong></span> <span class='ocrx_word' id='word_1_155' title='bbox 682 1771 794 1827; x_wconf 84' lang='lat' dir='ltr'><strong>fefellere</strong></span> <span class='ocrx_word' id='word_1_156' title='bbox 811 1789 842 1826; x_wconf 90' lang='lat' dir='ltr'><strong>ea</strong></span> <span class='ocrx_word' id='word_1_157' title='bbox 858 1772 959 1827; x_wconf 89' lang='lat' dir='ltr'><strong>Mucia-</strong></span> 
     </span>
     <span class='ocr_line' id='line_1_24' title="bbox 165 1848 958 1921; baseline 0.001 -18"><span class='ocrx_word' id='word_1_158' title='bbox 165 1867 249 1903; x_wconf 85' lang='lat' dir='ltr'><strong>num:</strong></span> <span class='ocrx_word' id='word_1_159' title='bbox 267 1849 326 1904; x_wconf 89' lang='lat' dir='ltr'><strong>inde</strong></span> <span class='ocrx_word' id='word_1_160' title='bbox 347 1867 437 1921; x_wconf 80' lang='lat' dir='ltr'><strong>graves</strong></span> <span class='ocrx_word' id='word_1_161' title='bbox 458 1849 608 1914; x_wconf 87' lang='lat' dir='ltr'><strong>simultates,</strong></span> <span class='ocrx_word' id='word_1_162' title='bbox 631 1867 693 1919; x_wconf 90' lang='lat' dir='ltr'><strong>quas</strong></span> <span class='ocrx_word' id='word_1_163' title='bbox 714 1848 842 1903; x_wconf 83' lang='lat' dir='ltr'><strong>Antonius&#39;</strong></span> <span class='ocrx_word' id='word_1_164' title='bbox 865 1849 958 1920; x_wconf 86' lang='lat' dir='ltr'><strong>simpli·</strong></span> 
     </span>
     <span class='ocr_line' id='line_1_25' title="bbox 169 1924 901 1996; baseline -0.001 -16"><span class='ocrx_word' id='word_1_165' title='bbox 169 1925 233 1990; x_wconf 91' lang='lat' dir='ltr'><strong>cius,</strong></span> <span class='ocrx_word' id='word_1_166' title='bbox 245 1925 381 1980; x_wconf 84' lang='lat' dir='ltr'><strong>Mucianus</strong></span> <span class='ocrx_word' id='word_1_167' title='bbox 394 1925 483 1981; x_wconf 90' lang='lat' dir='ltr'><strong>callide</strong></span> <span class='ocrx_word' id='word_1_168' title='bbox 495 1943 575 1996; x_wconf 89' lang='lat' dir='ltr'><strong>eoque</strong></span> <span class='ocrx_word' id='word_1_169' title='bbox 587 1924 768 1996; x_wconf 82' lang='lat' dir='ltr'><strong>implacabilius</strong></span> <span class='ocrx_word' id='word_1_170' title='bbox 779 1924 901 1980; x_wconf 82' lang='lat' dir='ltr'><strong>nutribat.</strong></span> 
     </span>
    </p>

    <p class='ocr_par' dir='ltr' id='par_1_7' title="bbox 125 2003 958 2306">
     <span class='ocr_line' id='line_1_26' title="bbox 125 2003 958 2075; baseline -0.004 -12"><span class='ocrx_word' id='word_1_171' title='bbox 125 2009 163 2063; x_wconf 78' lang='lat'><strong>54</strong></span> <span class='ocrx_word' id='word_1_172' title='bbox 204 2006 241 2059; x_wconf 85' lang='lat' dir='ltr'><strong>At</strong></span> <span class='ocrx_word' id='word_1_173' title='bbox 252 2004 380 2070; x_wconf 87' lang='lat' dir='ltr'><strong>Vitellius,</strong></span> <span class='ocrx_word' id='word_1_174' title='bbox 398 2005 486 2060; x_wconf 85' lang='lat' dir='ltr'><strong>fractis</strong></span> <span class='ocrx_word' id='word_1_175' title='bbox 502 2003 570 2075; x_wconf 87' lang='lat' dir='ltr'><strong>apud</strong></span> <span class='ocrx_word' id='word_1_176' title='bbox 587 2005 735 2058; x_wconf 79' lang='lat' dir='ltr'><strong>Cremonam</strong></span> <span class='ocrx_word' id='word_1_177' title='bbox 751 2003 836 2071; x_wconf 87' lang='lat' dir='ltr'><strong>rebus,</strong></span> <span class='ocrx_word' id='word_1_178' title='bbox 854 2003 958 2060; x_wconf 78' lang='lat' dir='ltr'><strong>nunfios</strong></span> 
     </span>
     <span class='ocr_line' id='line_1_27' title="bbox 170 2081 958 2150; baseline -0.003 -12"><span class='ocrx_word' id='word_1_179' title='bbox 170 2081 248 2138; x_wconf 82' lang='lat' dir='ltr'><strong>eladis</strong></span> <span class='ocrx_word' id='word_1_180' title='bbox 269 2081 408 2148; x_wconf 73' lang='lat' dir='ltr'><strong>omultans,</strong></span> <span class='ocrx_word' id='word_1_181' title='bbox 428 2081 508 2136; x_wconf 79' lang='lat' dir='ltr'><strong>stsslta</strong></span> <span class='ocrx_word' id='word_1_182' title='bbox 525 2081 726 2136; x_wconf 75' lang='lat' dir='ltr'><strong>dissimulatione</strong></span> <span class='ocrx_word' id='word_1_183' title='bbox 744 2081 854 2135; x_wconf 88' lang='lat' dir='ltr'><strong>remedia</strong></span> <span class='ocrx_word' id='word_1_184' title='bbox 873 2081 958 2150; x_wconf 88' lang='lat' dir='ltr'><strong>potius</strong></span> 
     </span>
     <span class='ocr_line' id='line_1_28' title="bbox 170 2157 958 2229; baseline 0 -17"><span class='ocrx_word' id='word_1_185' title='bbox 170 2159 293 2213; x_wconf 87' lang='lat' dir='ltr'><strong>malornm</strong></span> <span class='ocrx_word' id='word_1_186' title='bbox 302 2177 377 2229; x_wconf 89' lang='lat' dir='ltr'><strong>quam</strong></span> <span class='ocrx_word' id='word_1_187' title='bbox 389 2158 456 2213; x_wconf 86' lang='lat' dir='ltr'><strong>mala</strong></span> <span class='ocrx_word' id='word_1_188' title='bbox 467 2157 607 2213; x_wconf 85' lang='lat' dir='ltr'><strong>differebat.</strong></span> <span class='ocrx_word' id='word_1_189' title='bbox 644 2158 746 2228; x_wconf 79' lang='lat' dir='ltr'><strong>Quippe</strong></span> <span class='ocrx_word' id='word_1_190' title='bbox 759 2157 890 2212; x_wconf 84' lang='lat' dir='ltr'><strong>confitenti</strong></span> <span class='ocrx_word' id='word_1_191' title='bbox 901 2173 958 2212; x_wconf 88' lang='lat' dir='ltr'><strong>con-</strong></span> 
     </span>
     <span class='ocr_line' id='line_1_29' title="bbox 171 2235 956 2306; baseline 0 -18"><span class='ocrx_word' id='word_1_192' title='bbox 171 2235 326 2305; x_wconf 88' lang='lat' dir='ltr'><strong>sultantique</strong></span> <span class='ocrx_word' id='word_1_193' title='bbox 347 2239 496 2306; x_wconf 88' lang='lat' dir='ltr'><strong>supererant</strong></span> <span class='ocrx_word' id='word_1_194' title='bbox 514 2253 572 2306; x_wconf 90' lang='lat' dir='ltr'><strong>spes</strong></span> <span class='ocrx_word' id='word_1_195' title='bbox 591 2235 723 2305; x_wconf 75' lang='lat' dir='ltr'><strong>viresque,</strong></span> <span class='ocrx_word' id='word_1_196' title='bbox 745 2251 804 2288; x_wconf 91' lang='lat' dir='ltr'><strong>oum</strong></span> <span class='ocrx_word' id='word_1_197' title='bbox 824 2251 839 2288; x_wconf 88' lang='lat' dir='ltr'><strong>e</strong></span> <span class='ocrx_word' id='word_1_198' title='bbox 858 2237 956 2288; x_wconf 86' lang='lat' dir='ltr'><strong>contra·</strong></span> 
     </span>
    </p>
   </div>
   <div class='ocr_carea' id='block_1_3' title="bbox 149 2309 959 2457">
    <p class='ocr_par' dir='ltr' id='par_1_8' title="bbox 149 2309 959 2457">
     <span class='ocr_line' id='line_1_30' title="bbox 149 2309 959 2382; baseline 0 -16"><span class='ocrx_word' id='word_1_199' title='bbox 149 2310 209 2366; x_wconf 74' lang='lat' dir='ltr'><strong>‘irio</strong></span> <span class='ocrx_word' id='word_1_200' title='bbox 226 2310 285 2365; x_wconf 89' lang='lat' dir='ltr'><strong>laeta</strong></span> <span class='ocrx_word' id='word_1_201' title='bbox 301 2311 386 2366; x_wconf 85' lang='lat' dir='ltr'><strong>omnia</strong></span> <span class='ocrx_word' id='word_1_202' title='bbox 403 2312 518 2382; x_wconf 84' lang='lat' dir='ltr'><strong>lingeret,</strong></span> <span class='ocrx_word' id='word_1_203' title='bbox 536 2311 607 2366; x_wconf 86' lang='lat' dir='ltr'><strong>falsis</strong></span> <span class='ocrx_word' id='word_1_204' title='bbox 628 2309 827 2381; x_wconf 84' lang='lat' dir='ltr'><strong>ingravescebat.</strong></span> <span class='ocrx_word' id='word_1_205' title='bbox 863 2309 959 2366; x_wconf 78' lang='lat' dir='ltr'><strong>Mirum</strong></span> 
     </span>
     <span class='ocr_line' id='line_1_31' title="bbox 171 2384 957 2457; baseline 0.001 -17"><span class='ocrx_word' id='word_1_206' title='bbox 171 2384 239 2455; x_wconf 86' lang='lat' dir='ltr'><strong>apud</strong></span> <span class='ocrx_word' id='word_1_207' title='bbox 251 2386 335 2456; x_wconf 90' lang='lat' dir='ltr'><strong>ipsum</strong></span> <span class='ocrx_word' id='word_1_208' title='bbox 346 2386 378 2440; x_wconf 92' lang='lat' dir='ltr'><strong>de</strong></span> <span class='ocrx_word' id='word_1_209' title='bbox 393 2387 459 2442; x_wconf 88' lang='lat' dir='ltr'><strong>bello</strong></span> <span class='ocrx_word' id='word_1_210' title='bbox 476 2387 605 2442; x_wconf 89' lang='lat' dir='ltr'><strong>silentium</strong></span> <span class='ocrx_word' id='word_1_211' title='bbox 612 2410 620 2453; x_wconf 92' lang='lat'>;</span> <span class='ocrx_word' id='word_1_212' title='bbox 638 2387 759 2457; x_wconf 90' lang='lat' dir='ltr'><strong>prohibiti</strong></span> <span class='ocrx_word' id='word_1_213' title='bbox 770 2404 816 2457; x_wconf 89' lang='lat' dir='ltr'><strong>per</strong></span> <span class='ocrx_word' id='word_1_214' title='bbox 830 2385 957 2441; x_wconf 84' lang='lat' dir='ltr'><strong>civitatem</strong></span> 
     </span>
    </p>
   </div>
   <div class='ocr_carea' id='block_1_4' title="bbox 151 2461 959 2760">
    <p class='ocr_par' dir='ltr' id='par_1_9' title="bbox 151 2461 959 2760">
     <span class='ocr_line' id='line_1_32' title="bbox 172 2461 949 2530; baseline 0.004 -16"><span class='ocrx_word' id='word_1_215' title='bbox 172 2479 310 2526; x_wconf 87' lang='lat' dir='ltr'><strong>sermones,</strong></span> <span class='ocrx_word' id='word_1_216' title='bbox 330 2479 410 2530; x_wconf 91' lang='lat' dir='ltr'><strong>eoque</strong></span> <span class='ocrx_word' id='word_1_217' title='bbox 427 2461 519 2530; x_wconf 88' lang='lat' dir='ltr'><strong>plures,</strong></span> <span class='ocrx_word' id='word_1_218' title='bbox 538 2481 574 2528; x_wconf 88' lang='lat' dir='ltr'><strong>ao,</strong></span> <span class='ocrx_word' id='word_1_219' title='bbox 596 2463 618 2516; x_wconf 92' lang='lat' dir='ltr'><strong>si</strong></span> <span class='ocrx_word' id='word_1_220' title='bbox 636 2463 730 2527; x_wconf 83' lang='lat' dir='ltr'><strong>boaret,</strong></span> <span class='ocrx_word' id='word_1_221' title='bbox 749 2481 808 2518; x_wconf 85' lang='lat' dir='ltr'><strong>vere</strong></span> <span class='ocrx_word' id='word_1_222' title='bbox 825 2464 949 2518; x_wconf 85' lang='lat' dir='ltr'><strong>narraturi</strong></span> 
     </span>
     <span class='ocr_line' id='line_1_33' title="bbox 151 2535 958 2608; baseline 0.002 -16"><span class='ocrx_word' id='word_1_223' title='bbox 151 2535 234 2606; x_wconf 66' lang='lat' dir='ltr'><strong>aquia</strong></span> <span class='ocrx_word' id='word_1_224' title='bbox 256 2535 415 2600; x_wconf 86' lang='lat' dir='ltr'><strong>vetabantur,</strong></span> <span class='ocrx_word' id='word_1_225' title='bbox 440 2537 565 2591; x_wconf 85' lang='lat' dir='ltr'><strong>atrociora</strong></span> <span class='ocrx_word' id='word_1_226' title='bbox 587 2538 760 2608; x_wconf 83' lang='lat' dir='ltr'><strong>vulgaverant.</strong></span> <span class='ocrx_word' id='word_1_227' title='bbox 804 2539 862 2592; x_wconf 88' lang='lat' dir='ltr'><strong>Neo</strong></span> <span class='ocrx_word' id='word_1_228' title='bbox 884 2537 958 2594; x_wconf 83' lang='lat' dir='ltr'><strong>duces</strong></span> 
     </span>
     <span class='ocr_line' id='line_1_34' title="bbox 174 2609 959 2684; baseline 0.006 -20"><span class='ocrx_word' id='word_1_229' title='bbox 174 2610 287 2665; x_wconf 90' lang='lat' dir='ltr'><strong>nostium</strong></span> <span class='ocrx_word' id='word_1_230' title='bbox 310 2609 430 2679; x_wconf 76' lang='lat' dir='ltr'><strong>augenda</strong></span> <span class='ocrx_word' id='word_1_231' title='bbox 454 2609 527 2664; x_wconf 80' lang='lat' dir='ltr'><strong>famae</strong></span> <span class='ocrx_word' id='word_1_232' title='bbox 550 2613 662 2679; x_wconf 88' lang='lat' dir='ltr'><strong>deerant,</strong></span> <span class='ocrx_word' id='word_1_233' title='bbox 687 2618 774 2684; x_wconf 88' lang='lat' dir='ltr'><strong>captos</strong></span> <span class='ocrx_word' id='word_1_234' title='bbox 798 2613 895 2668; x_wconf 88' lang='lat' dir='ltr'><strong>Vitellii</strong></span> <span class='ocrx_word' id='word_1_235' title='bbox 916 2632 959 2668; x_wconf 88' lang='lat' dir='ltr'><strong>ex-</strong></span> 
     </span>
     <span class='ocr_line' id='line_1_35' title="bbox 172 2685 959 2760; baseline 0.008 -20"><span class='ocrx_word' id='word_1_236' title='bbox 172 2685 314 2760; x_wconf 83' lang='lat' dir='ltr'><strong>ploratores</strong></span> <span class='ocrx_word' id='word_1_237' title='bbox 330 2685 573 2754; x_wconf 72' lang='lat' dir='ltr'><strong>‚oiroumduotosque</strong></span> <span class='ocrx_word' id='word_1_238' title='bbox 589 2693 619 2742; x_wconf 94' lang='lat' dir='ltr'><strong>ut</strong></span> <span class='ocrx_word' id='word_1_239' title='bbox 639 2689 849 2751; x_wconf 82' lang='lat' dir='ltr'><strong>roboraviotoris</strong></span> <span class='ocrx_word' id='word_1_240' title='bbox 868 2691 959 2746; x_wconf 59' lang='lat' dir='ltr'><strong>exem·</strong></span> 
     </span>
    </p>
   </div>
   <div class='ocr_carea' id='block_1_5' title="bbox 0 0 1052 3038">
    <p class='ocr_par' dir='ltr' id='par_1_10' title="bbox 0 0 1052 3038">
     <span class='ocr_line' id='line_1_36' title="bbox 0 0 1052 3038; baseline 0 5"><span class='ocrx_word' id='word_1_241' title='bbox 0 0 1052 3038; x_wconf 95' lang='lat' dir='ltr'><strong> </strong></span> 
     </span>
    </p>
   </div>
  </div>
 </body>
</html>
