2096 3038
175 149 206 200 78
518 145 639 196 ΤΔΟΙΤΙ

806 207 840 256 [a
851 207 878 249 n.
888 208 910 249 o.
921 208 967 248 aaa

173 259 275 317 initium
286 257 338 316 illie
349 257 417 313 fuit:
436 275 468 314 ae
482 257 540 329 plus
552 276 628 329 quam
646 256 724 314 semel
740 259 875 326 sedemus,
887 277 968 329 penes

173 355 215 392 me
224 335 367 406 exemplum
379 335 436 390 erit.
472 335 542 390 Hine
554 335 683 390 Othonem
695 333 831 405 posteritas
847 335 968 390 estimet.

152 413 285 474 ellruetur
308 411 428 466 Vitellius
451 411 538 476 fratre,
563 411 678 482 conjuge,
703 410 803 465 liberis:
829 411 970 474 mihinou

173 489 271 544 ultione
282 507 366 560 neque
381 488 477 543 solatiis
493 506 557 558 opus
570 491 617 542 est.
653 487 705 542 Alii
723 487 819 542 diutius
832 487 969 558 imperium

174 566 318 621 tenuerint:
336 582 411 620 nemo
425 567 479 619 tem
495 564 597 619 sortiter
615 563 753 634 reliquerit.
790 563 833 618 An
848 581 896 635 ego
908 567 969 618 tan-

173 646 230 697 tum
242 643 364 697 Romana
374 641 456 712 pubis,
465 645 506 696 tot
518 641 634 712 egregios
646 640 773 696 exereitus
785 641 865 696 sterni
876 659 969 696 rursus

151 723 201 774 tet
221 717 385 789 reipublice
405 717 469 788 eripi
490 717 590 788 patiar?
609 717 659 772 Eat
678 717 720 772 hie
738 735 838 772 meeum
858 715 966 782 animus,

174 798 295 865 tanquam
318 793 425 864 perituri
448 811 494 864 pro
518 811 559 848 me
582 793 689 848 fueritis.
727 793 778 848 Sed
801 796 855 848 este
879 811 968 864 super·

175 871 257 926 stites.
297 870 353 925 Neo
377 869 421 924 diu
445 887 580 935 moremur,
611 887 659 941 ego
686 869 886 926 ineolumitateru
909 887 968 925 ves·
1034 867 1035 870 ’

153 949 248 1011 atrurn,
267 963 313 1002 vos
334 945 503 1001 oonstantiam
522 963 611 1000 meam.
647 946 726 1000 Plura
742 945 774 1001 de
793 945 911 1000 extremis
929 945 967 1001 lo—

175 1023 219 1095 qui
236 1041 295 1093 pars
313 1023 420 1095 ignavie
439 1030 487 1078 est.
524 1022 684 1093 Proeoipaum
708 1023 883 1078 destinationis
903 1041 967 1079 mese

175 1099 354 1156 doeumentum
377 1099 476 1166 habete,
501 1099 569 1170 quod
589 1098 620 1154 de
645 1099 745 1154 nemine
770 1117 877 1170 queror:
905 1117 967 1154 nam
1034 1125 1035 1208 q

174 1176 289 1233 incusare
306 1176 367 1232 deos
385 1175 426 1231 vel
443 1175 565 1240 homines,
575 1178 636 1244 'ejus
654 1179 694 1230 est
712 1175 757 1246 qui
773 1176 858 1232 vivere
876 1175 965 1230 velit.’'
1034 1215 1035 1224 a

129 1254 407 1322 enarratoremque
425 1253 517 1322 cuique
533 1255 595 1307 aetas
608 1255 653 1306 aut
669 1252 788 1323 dignitas,
802 1253 906 1308 oomiter
922 1270 966 1324 ap·

173 1330 289 1400 pedatus,
302 1329 369 1384 irent
384 1347 491 1400 propere
506 1347 557 1384 neu
572 1327 724 1384 remanendo
736 1329 799 1384 iram
810 1329 913 1384 vintoris
925 1347 965 1384 as-

173 1411 300 1476 perarent,
317 1407 424 1476 juranos
440 1406 600 1470 auctoritate,
614 1423 687 1460 senes
705 1405 822 1476 preoibus
839 1405 963 1472 movebat,

174 1481 287 1552 placidus
308 1499 359 1546 ore,
380 1481 522 1552 intrepidus
536 1482 628 1548 verbis,
648 1483 839 1553 intempestivas
861 1500 964 1537 suorum

153 1557 291 1618 alaerinras,
311 1562 437 1612 coercens.
475 1558 537 1612 Dari
548 1577 625 1613 naves
644 1559 800 1614 aovehieulu
815 1558 965 1614 abeuntibus

172 1633 263 1706 jubet;
281 1633 378 1689 libellos
390 1633 559 1704 epistolasque
572 1635 657 1690 studio
669 1653 730 1706 erga
742 1653 769 1690 se
785 1645 830 1690 aut
847 1635 875 1690 in
885 1635 965 1690 Vitel-
1034 1623 1035 1660 l

170 1709 238 1764 lium
255 1709 415 1764 contumeliis
432 1709 545 1781 insignes
563 1710 665 1776 abolet3
689 1711 809 1782 pecunias
827 1710 963 1776 distribuit,

153 1785 493 1857 sparsaneoutperiturus.
513 1787 577 1840 Mox
586 1787 697 1842 Salvium
706 1787 873 1842 Goeoeiauum
880 1787 965 1842 fratris

174 1863 261 1931 filiurn,
273 1863 354 1934 prirna
362 1862 475 1934 juventa,
486 1863 614 1935 trepidum
626 1867 653 1919 et
665 1868 811 1919 maerentem
822 1864 890 1918 ultro
902 1863 965 1918 sola

174 1943 218 1995 tus
230 1944 276 2006 est,
287 1939 413 1995 laudando
422 1940 543 2012 pietatem
556 1941 620 2012 ejus,
631 1941 779 2012 castigando
791 1939 964 1995 formidinem:

175 2035 207 2073 au
214 2017 347 2074 Vitellium
358 2021 412 2072 tam
420 2017 525 2072 immitis
533 2017 610 2072 animi
619 2017 681 2082 fore,
690 2022 720 2072 ut
728 2035 774 2088 pro
783 2017 902 2072 ineolumi
910 2021 968 2072 tota

174 2094 248 2150 domo
261 2114 293 2151 ne
304 2096 370 2150 bauo
382 2095 483 2167 quidem
496 2095 545 2150 sibi
557 2094 664 2166 gretiam
676 2094 813 2149 redderet?
832 2094 928 2149 Mereri
940 2113 968 2150 se

152 2172 294 2228 afesainsto
311 2173 383 2227 exitu
399 2172 558 2227 elementiam
576 2170 688 2226 victoris.
724 2171 786 2226 Non
798 2171 865 2225 enirn
877 2170 969 2225 ultima

175 2247 358 2318 desperatione,
372 2248 417 2303 sed
434 2252 555 2320 poscente
572 2247 686 2319 praelium
702 2247 823 2313 exercitu,
840 2247 969 2302 remisisse

174 2323 212 2377 rei
235 2324 342 2394 publicae
365 2325 531 2379 novissimum
555 2343 649 2379 casum.
686 2325 753 2378 Satis
778 2324 828 2379 sibi
850 2323 970 2392 nominis,

154 2399 238 2452 finatis
254 2399 363 2468 posteris
384 2401 438 2454 suis
454 2400 595 2456 nobilitatis
614 2400 757 2471 quesitum.
793 2401 858 2455 Post
875 2400 971 2466 Julios,

176 2472 303 2538 Claudios,
316 2475 424 2540 Servios,
442 2493 470 2529 se
483 2475 591 2546 primum
605 2477 633 2530 in
644 2476 765 2531 familiam
781 2494 873 2531 novam
889 2476 972 2547 impe-

174 2550 241 2605 rium
254 2549 378 2605 intulisse.
407 2551 518 2605 Proinde
530 2556 615 2607 erecte
627 2553 710 2608 animo
724 2555 867 2624 capesseret
878 2552 970 2618 vitam,

174 2644 226 2682 neu
248 2629 368 2696 patruum
386 2626 434 2682 sibi
454 2626 582 2681 Othonem
605 2628 684 2684 fnisse
708 2633 752 2684 aut
776 2628 973 2684 oblivisceretur
1034 2659 1035 2696 i

131 2703 287 2774 49unqusru
311 2705 356 2757 aut
374 2701 480 2758 nimium
503 2703 667 2760 meminisset.
716 2706 864 2775 Postque,
888 2703 972 2760 dimo-
