<?xml version="1.0" encoding="UTF-8"?>
<!DOCTYPE html PUBLIC "-//W3C//DTD XHTML 1.0 Transitional//EN"
    "http://www.w3.org/TR/xhtml1/DTD/xhtml1-transitional.dtd">
<html xmlns="http://www.w3.org/1999/xhtml" xml:lang="en" lang="en">
 <head>
  <title>
</title>
<meta http-equiv="Content-Type" content="text/html;charset=utf-8" />
  <meta name='ocr-system' content='tesseract 3.04.00' />
  <meta name='ocr-capabilities' content='ocr_page ocr_carea ocr_par ocr_line ocrx_word'/>
</head>
<body>
  <div class='ocr_page' id='page_1' title='image "./opera01tacigoog_0156.png"; bbox 0 0 2096 3038; ppageno 0'>
   <div class='ocr_carea' id='block_1_1' title="bbox 82 177 875 294">
    <p class='ocr_par' dir='ltr' id='par_1_1' title="bbox 82 177 875 294">
     <span class='ocr_line' id='line_1_1' title="bbox 82 177 875 294; baseline -0.004 -63"><span class='ocrx_word' id='word_1_1' title='bbox 82 249 102 289; x_wconf 65' lang='grc' dir='ltr'><strong>Δ</strong></span> <span class='ocrx_word' id='word_1_2' title='bbox 118 248 138 288; x_wconf 70' lang='lat' dir='ltr'>D</span> <span class='ocrx_word' id='word_1_3' title='bbox 154 243 197 294; x_wconf 53' lang='lat'><strong>⁶9]</strong></span> <span class='ocrx_word' id='word_1_4' title='bbox 254 179 507 231; x_wconf 80' lang='lat' dir='ltr'><strong>HISTORIARUM</strong></span> <span class='ocrx_word' id='word_1_5' title='bbox 525 177 577 230; x_wconf 87' lang='grc' dir='ltr'><strong>ῙΠ.</strong></span> <span class='ocrx_word' id='word_1_6' title='bbox 595 177 699 232; x_wconf 75' lang='grc'><strong>71-74.</strong></span> <span class='ocrx_word' id='word_1_7' title='bbox 829 181 875 229; x_wconf 74' lang='grc'><strong>149</strong></span> 
     </span>
    </p>
   </div>
   <div class='ocr_carea' id='block_1_2' title="bbox 77 289 920 2432">
    <p class='ocr_par' dir='ltr' id='par_1_2' title="bbox 77 289 920 2432">
     <span class='ocr_line' id='line_1_2' title="bbox 82 289 876 363; baseline -0.004 -15"><span class='ocrx_word' id='word_1_8' title='bbox 82 293 226 349; x_wconf 74' lang='lat' dir='ltr'><strong>constantie</strong></span> <span class='ocrx_word' id='word_1_9' title='bbox 248 293 316 349; x_wconf 89' lang='lat' dir='ltr'><strong>inter</strong></span> <span class='ocrx_word' id='word_1_10' title='bbox 339 292 417 348; x_wconf 83' lang='lat' dir='ltr'><strong>dubia</strong></span> <span class='ocrx_word' id='word_1_11' title='bbox 438 291 584 363; x_wconf 69' lang='lat' dir='ltr'><strong>indigebat:</strong></span> <span class='ocrx_word' id='word_1_12' title='bbox 603 309 636 346; x_wconf 86' lang='lat' dir='ltr'><strong>ex</strong></span> <span class='ocrx_word' id='word_1_13' title='bbox 658 289 759 346; x_wconf 82' lang='lat' dir='ltr'><strong>diverso</strong></span> <span class='ocrx_word' id='word_1_14' title='bbox 781 291 876 362; x_wconf 85' lang='lat' dir='ltr'><strong>trepidi</strong></span> 
     </span>
     <span class='ocr_line' id='line_1_3' title="bbox 82 367 875 442; baseline -0.004 -17"><span class='ocrx_word' id='word_1_15' title='bbox 82 370 183 436; x_wconf 83' lang='lat' dir='ltr'><strong>milites,</strong></span> <span class='ocrx_word' id='word_1_16' title='bbox 201 370 255 425; x_wconf 84' lang='lat' dir='ltr'><strong>dux</strong></span> <span class='ocrx_word' id='word_1_17' title='bbox 272 369 357 442; x_wconf 86' lang='lat' dir='ltr'><strong>segnis</strong></span> <span class='ocrx_word' id='word_1_18' title='bbox 373 373 400 425; x_wconf 91' lang='lat' dir='ltr'><strong>et</strong></span> <span class='ocrx_word' id='word_1_19' title='bbox 414 370 485 426; x_wconf 86' lang='lat' dir='ltr'><strong>velut</strong></span> <span class='ocrx_word' id='word_1_20' title='bbox 503 373 594 441; x_wconf 83' lang='lat' dir='ltr'><strong>eaptus</strong></span> <span class='ocrx_word' id='word_1_21' title='bbox 612 367 697 434; x_wconf 75' lang='lat' dir='ltr'><strong>mimi,</strong></span> <span class='ocrx_word' id='word_1_22' title='bbox 714 385 767 423; x_wconf 90' lang='lat' dir='ltr'><strong>non</strong></span> <span class='ocrx_word' id='word_1_23' title='bbox 787 368 875 440; x_wconf 78' lang='lat' dir='ltr'><strong>lingue</strong></span> 
     </span>
     <span class='ocr_line' id='line_1_4' title="bbox 81 444 873 518; baseline -0.003 -16"><span class='ocrx_word' id='word_1_24' title='bbox 81 463 134 502; x_wconf 89' lang='lat' dir='ltr'><strong>non</strong></span> <span class='ocrx_word' id='word_1_25' title='bbox 151 447 256 502; x_wconf 78' lang='lat' dir='ltr'><strong>auribus</strong></span> <span class='ocrx_word' id='word_1_26' title='bbox 278 450 437 518; x_wconf 89' lang='lat' dir='ltr'><strong>eompetere;</strong></span> <span class='ocrx_word' id='word_1_27' title='bbox 455 465 538 518; x_wconf 85' lang='lat' dir='ltr'><strong>neque</strong></span> <span class='ocrx_word' id='word_1_28' title='bbox 561 446 650 502; x_wconf 81' lang='lat' dir='ltr'><strong>olienis</strong></span> <span class='ocrx_word' id='word_1_29' title='bbox 673 444 786 500; x_wconf 86' lang='lat' dir='ltr'><strong>oonsiliis</strong></span> <span class='ocrx_word' id='word_1_30' title='bbox 810 445 873 517; x_wconf 86' lang='lat' dir='ltr'><strong>regi,</strong></span> 
     </span>
     <span class='ocr_line' id='line_1_5' title="bbox 80 521 875 595; baseline -0.004 -16"><span class='ocrx_word' id='word_1_31' title='bbox 80 541 163 595; x_wconf 86' lang='lat' dir='ltr'><strong>neque</strong></span> <span class='ocrx_word' id='word_1_32' title='bbox 175 542 221 579; x_wconf 83' lang='lat' dir='ltr'><strong>sua</strong></span> <span class='ocrx_word' id='word_1_33' title='bbox 233 523 368 594; x_wconf 79' lang='lat' dir='ltr'><strong>expedire3</strong></span> <span class='ocrx_word' id='word_1_34' title='bbox 387 524 438 579; x_wconf 83' lang='lat' dir='ltr'><strong>hue</strong></span> <span class='ocrx_word' id='word_1_35' title='bbox 452 523 512 579; x_wconf 86' lang='lat' dir='ltr'><strong>illue</strong></span> <span class='ocrx_word' id='word_1_36' title='bbox 530 521 681 579; x_wconf 77' lang='lat' dir='ltr'><strong>elamoribus</strong></span> <span class='ocrx_word' id='word_1_37' title='bbox 699 522 813 577; x_wconf 88' lang='lat' dir='ltr'><strong>hostium</strong></span> <span class='ocrx_word' id='word_1_38' title='bbox 826 522 875 577; x_wconf 83' lang='lat' dir='ltr'><strong>oir-</strong></span> 
     </span>
     <span class='ocr_line' id='line_1_6' title="bbox 80 599 877 672; baseline -0.003 -17"><span class='ocrx_word' id='word_1_39' title='bbox 80 601 200 672; x_wconf 80' lang='lat' dir='ltr'><strong>eumogi3</strong></span> <span class='ocrx_word' id='word_1_40' title='bbox 218 617 275 672; x_wconf 79' lang='lat' dir='ltr'><strong>ques</strong></span> <span class='ocrx_word' id='word_1_41' title='bbox 295 600 416 672; x_wconf 80' lang='lat' dir='ltr'><strong>jusserat,</strong></span> <span class='ocrx_word' id='word_1_42' title='bbox 436 604 607 671; x_wconf 70' lang='lat' dir='ltr'><strong>vetereque</strong></span> <span class='ocrx_word' id='word_1_43' title='bbox 629 602 756 664; x_wconf 74' lang='lat' dir='ltr'><strong>vetuerat,</strong></span> <span class='ocrx_word' id='word_1_44' title='bbox 775 599 877 671; x_wconf 88' lang='lat' dir='ltr'><strong>jubere.</strong></span> 
     </span>
     <span class='ocr_line' id='line_1_7' title="bbox 79 675 897 748; baseline 0 -16"><span class='ocrx_word' id='word_1_45' title='bbox 79 677 145 732; x_wconf 81' lang='lat' dir='ltr'><strong>Mox</strong></span> <span class='ocrx_word' id='word_1_46' title='bbox 158 676 238 748; x_wconf 88' lang='lat' dir='ltr'><strong>(quod</strong></span> <span class='ocrx_word' id='word_1_47' title='bbox 254 677 281 731; x_wconf 94' lang='lat' dir='ltr'><strong>in</strong></span> <span class='ocrx_word' id='word_1_48' title='bbox 292 675 399 748; x_wconf 87' lang='lat' dir='ltr'><strong>perditis</strong></span> <span class='ocrx_word' id='word_1_49' title='bbox 411 677 488 732; x_wconf 90' lang='lat' dir='ltr'><strong>rebus</strong></span> <span class='ocrx_word' id='word_1_50' title='bbox 501 676 611 746; x_wconf 85' lang='lat' dir='ltr'><strong>aeeidit,)</strong></span> <span class='ocrx_word' id='word_1_51' title='bbox 624 693 713 731; x_wconf 91' lang='lat' dir='ltr'><strong>omnes</strong></span> <span class='ocrx_word' id='word_1_52' title='bbox 729 676 897 748; x_wconf 65' lang='lat' dir='ltr'><strong>preciperet</strong></span> 
     </span>
     <span class='ocr_line' id='line_1_8' title="bbox 78 753 874 825; baseline -0.003 -15"><span class='ocrx_word' id='word_1_53' title='bbox 78 771 153 810; x_wconf 88' lang='lat' dir='ltr'><strong>nemo</strong></span> <span class='ocrx_word' id='word_1_54' title='bbox 176 753 288 825; x_wconf 76' lang='lat' dir='ltr'>exsequi.</span> <span class='ocrx_word' id='word_1_55' title='bbox 328 753 470 818; x_wconf 88' lang='lat' dir='ltr'><strong>Postremo,</strong></span> <span class='ocrx_word' id='word_1_56' title='bbox 495 753 601 824; x_wconf 84' lang='lat' dir='ltr'><strong>sbjeotis</strong></span> <span class='ocrx_word' id='word_1_57' title='bbox 626 753 710 818; x_wconf 80' lang='lat' dir='ltr'><strong>ermis,</strong></span> <span class='ocrx_word' id='word_1_58' title='bbox 734 753 822 824; x_wconf 79' lang='lat' dir='ltr'><strong>iugem</strong></span> <span class='ocrx_word' id='word_1_59' title='bbox 846 756 874 808; x_wconf 92' lang='lat' dir='ltr'><strong>et</strong></span> 
     </span>
     <span class='ocr_line' id='line_1_9' title="bbox 78 829 869 901; baseline -0.003 -15"><span class='ocrx_word' id='word_1_60' title='bbox 78 831 183 886; x_wconf 73' lang='lat' dir='ltr'><strong>fallendi</strong></span> <span class='ocrx_word' id='word_1_61' title='bbox 200 837 268 885; x_wconf 80' lang='lat' dir='ltr'><strong>ortes</strong></span> <span class='ocrx_word' id='word_1_62' title='bbox 287 829 538 901; x_wconf 82' lang='lat' dir='ltr'><strong>oiroumspeotebsnt.</strong></span> <span class='ocrx_word' id='word_1_63' title='bbox 575 829 726 899; x_wconf 83' lang='lat' dir='ltr'><strong>irrumpunt</strong></span> <span class='ocrx_word' id='word_1_64' title='bbox 737 829 869 884; x_wconf 72' lang='lat' dir='ltr'><strong>vitelliani</strong></span> 
     </span>
     <span class='ocr_line' id='line_1_10' title="bbox 77 905 897 976; baseline -0.004 -13"><span class='ocrx_word' id='word_1_65' title='bbox 77 911 105 963; x_wconf 88' lang='lat' dir='ltr'><strong>et</strong></span> <span class='ocrx_word' id='word_1_66' title='bbox 123 911 217 963; x_wconf 69' lang='lat' dir='ltr'><strong>menete</strong></span> <span class='ocrx_word' id='word_1_67' title='bbox 234 907 367 976; x_wconf 81' lang='lat' dir='ltr'><strong>sangnine,</strong></span> <span class='ocrx_word' id='word_1_68' title='bbox 379 907 456 971; x_wconf 78' lang='lat' dir='ltr'><strong>ferro,</strong></span> <span class='ocrx_word' id='word_1_69' title='bbox 468 905 628 976; x_wconf 77' lang='lat' dir='ltr'><strong>flammisque</strong></span> <span class='ocrx_word' id='word_1_70' title='bbox 642 905 758 960; x_wconf 84' lang='lat' dir='ltr'><strong>miseent.</strong></span> <span class='ocrx_word' id='word_1_71' title='bbox 794 905 897 961; x_wconf 70' lang='lat' dir='ltr'><strong>Peneis</strong></span> 
     </span>
     <span class='ocr_line' id='line_1_11' title="bbox 77 981 871 1052; baseline -0.003 -13"><span class='ocrx_word' id='word_1_72' title='bbox 77 983 227 1039; x_wconf 74' lang='lat' dir='ltr'><strong>militarium</strong></span> <span class='ocrx_word' id='word_1_73' title='bbox 246 981 365 1046; x_wconf 85' lang='lat' dir='ltr'><strong>virorum,</strong></span> <span class='ocrx_word' id='word_1_74' title='bbox 382 983 450 1036; x_wconf 86' lang='lat' dir='ltr'><strong>inter</strong></span> <span class='ocrx_word' id='word_1_75' title='bbox 470 999 534 1052; x_wconf 84' lang='lat' dir='ltr'><strong>quos</strong></span> <span class='ocrx_word' id='word_1_76' title='bbox 554 982 662 1036; x_wconf 84' lang='lat' dir='ltr'><strong>maxime</strong></span> <span class='ocrx_word' id='word_1_77' title='bbox 680 981 792 1052; x_wconf 85' lang='lat' dir='ltr'><strong>insignes</strong></span> <span class='ocrx_word' id='word_1_78' title='bbox 808 983 871 1037; x_wconf 83' lang='lat' dir='ltr'><strong>Cor-</strong></span> 
     </span>
     <span class='ocr_line' id='line_1_12' title="bbox 77 1056 869 1128; baseline -0.003 -14"><span class='ocrx_word' id='word_1_79' title='bbox 77 1059 161 1114; x_wconf 85' lang='lat' dir='ltr'><strong>nelius</strong></span> <span class='ocrx_word' id='word_1_80' title='bbox 180 1056 317 1122; x_wconf 74' lang='lat' dir='ltr'><strong>Martialis,</strong></span> <span class='ocrx_word' id='word_1_81' title='bbox 338 1057 457 1112; x_wconf 80' lang='lat' dir='ltr'><strong>AEmilius</strong></span> <span class='ocrx_word' id='word_1_82' title='bbox 476 1058 604 1122; x_wconf 77' lang='lat' dir='ltr'><strong>Fanensis,</strong></span> <span class='ocrx_word' id='word_1_83' title='bbox 627 1057 762 1127; x_wconf 76' lang='lat' dir='ltr'>Casperius</span> <span class='ocrx_word' id='word_1_84' title='bbox 779 1058 869 1128; x_wconf 83' lang='lat' dir='ltr'><strong>Niger,</strong></span> 
     </span>
     <span class='ocr_line' id='line_1_13' title="bbox 77 1132 899 1204; baseline -0.002 -14"><span class='ocrx_word' id='word_1_85' title='bbox 77 1135 173 1190; x_wconf 81' lang='lat' dir='ltr'>Didius</span> <span class='ocrx_word' id='word_1_86' title='bbox 198 1134 293 1197; x_wconf 78' lang='lat' dir='ltr'><strong>Sooeve,</strong></span> <span class='ocrx_word' id='word_1_87' title='bbox 313 1150 426 1204; x_wconf 79' lang='lat' dir='ltr'><strong>pugnam</strong></span> <span class='ocrx_word' id='word_1_88' title='bbox 450 1133 721 1200; x_wconf 54' lang='lat' dir='ltr'><strong>eusiyebtmnoentur.</strong></span> <span class='ocrx_word' id='word_1_89' title='bbox 757 1132 899 1188; x_wconf 70' lang='lat' dir='ltr'><strong>Illsviumt</strong></span> 
     </span>
     <span class='ocr_line' id='line_1_14' title="bbox 78 1209 874 1281; baseline -0.004 -14"><span class='ocrx_word' id='word_1_90' title='bbox 78 1211 204 1267; x_wconf 80' lang='lat' dir='ltr'><strong>Sabinum</strong></span> <span class='ocrx_word' id='word_1_91' title='bbox 228 1210 351 1264; x_wconf 79' lang='lat' dir='ltr'><strong>inermem</strong></span> <span class='ocrx_word' id='word_1_92' title='bbox 374 1227 457 1280; x_wconf 88' lang='lat' dir='ltr'><strong>neque</strong></span> <span class='ocrx_word' id='word_1_93' title='bbox 479 1210 565 1281; x_wconf 84' lang='lat' dir='ltr'><strong>fugam</strong></span> <span class='ocrx_word' id='word_1_94' title='bbox 590 1212 745 1280; x_wconf 81' lang='lat' dir='ltr'><strong>ooeptentem</strong></span> <span class='ocrx_word' id='word_1_95' title='bbox 769 1209 874 1264; x_wconf 80' lang='lat' dir='ltr'><strong>circum</strong></span> 
     </span>
     <span class='ocr_line' id='line_1_15' title="bbox 78 1286 873 1356; baseline -0.001 -11"><span class='ocrx_word' id='word_1_96' title='bbox 78 1290 184 1354; x_wconf 86' lang='lat' dir='ltr'><strong>sistunt,</strong></span> <span class='ocrx_word' id='word_1_97' title='bbox 197 1290 225 1343; x_wconf 88' lang='lat' dir='ltr'><strong>et</strong></span> <span class='ocrx_word' id='word_1_98' title='bbox 238 1286 369 1353; x_wconf 75' lang='lat' dir='ltr'><strong>anintium</strong></span> <span class='ocrx_word' id='word_1_99' title='bbox 382 1288 498 1343; x_wconf 82' lang='lat' dir='ltr'><strong>Attieum</strong></span> <span class='ocrx_word' id='word_1_100' title='bbox 516 1287 652 1356; x_wconf 86' lang='lat' dir='ltr'><strong>oonsulem‚</strong></span> <span class='ocrx_word' id='word_1_101' title='bbox 665 1287 754 1342; x_wconf 84' lang='lat' dir='ltr'><strong>umbra</strong></span> <span class='ocrx_word' id='word_1_102' title='bbox 770 1288 873 1344; x_wconf 88' lang='lat' dir='ltr'><strong>honoris</strong></span> 
     </span>
     <span class='ocr_line' id='line_1_16' title="bbox 78 1364 873 1436; baseline -0.003 -14"><span class='ocrx_word' id='word_1_103' title='bbox 78 1370 107 1422; x_wconf 89' lang='lat' dir='ltr'><strong>et</strong></span> <span class='ocrx_word' id='word_1_104' title='bbox 130 1368 230 1422; x_wconf 75' lang='lat' dir='ltr'><strong>suamet</strong></span> <span class='ocrx_word' id='word_1_105' title='bbox 253 1364 367 1419; x_wconf 80' lang='lat' dir='ltr'><strong>vanitate</strong></span> <span class='ocrx_word' id='word_1_106' title='bbox 389 1368 568 1430; x_wconf 79' lang='lat' dir='ltr'><strong>monstratum,</strong></span> <span class='ocrx_word' id='word_1_107' title='bbox 589 1365 657 1436; x_wconf 88' lang='lat' dir='ltr'><strong>quod</strong></span> <span class='ocrx_word' id='word_1_108' title='bbox 680 1364 764 1420; x_wconf 78' lang='lat' dir='ltr'><strong>etliete</strong></span> <span class='ocrx_word' id='word_1_109' title='bbox 784 1365 811 1420; x_wconf 86' lang='lat' dir='ltr'><strong>in</strong></span> <span class='ocrx_word' id='word_1_110' title='bbox 830 1381 873 1436; x_wconf 87' lang='lat' dir='ltr'><strong>po·</strong></span> 
     </span>
     <span class='ocr_line' id='line_1_17' title="bbox 78 1441 873 1514; baseline 0 -16"><span class='ocrx_word' id='word_1_111' title='bbox 78 1443 176 1514; x_wconf 88' lang='lat' dir='ltr'><strong>pulum,</strong></span> <span class='ocrx_word' id='word_1_112' title='bbox 196 1459 243 1514; x_wconf 89' lang='lat' dir='ltr'><strong>pro</strong></span> <span class='ocrx_word' id='word_1_113' title='bbox 261 1441 419 1513; x_wconf 75' lang='lat' dir='ltr'><strong>Vespasiano</strong></span> <span class='ocrx_word' id='word_1_114' title='bbox 442 1442 583 1514; x_wconf 77' lang='lat' dir='ltr'><strong>magnifiee,</strong></span> <span class='ocrx_word' id='word_1_115' title='bbox 604 1442 727 1514; x_wconf 82' lang='lat' dir='ltr'><strong>probrosa</strong></span> <span class='ocrx_word' id='word_1_116' title='bbox 750 1441 873 1498; x_wconf 83' lang='lat' dir='ltr'><strong>adversus</strong></span> 
     </span>
     <span class='ocr_line' id='line_1_18' title="bbox 81 1518 896 1594; baseline 0.002 -19"><span class='ocrx_word' id='word_1_117' title='bbox 81 1520 212 1576; x_wconf 89' lang='lat' dir='ltr'><strong>Vitellium</strong></span> <span class='ocrx_word' id='word_1_118' title='bbox 221 1519 325 1594; x_wconf 84' lang='lat' dir='ltr'><strong>jeoeret.</strong></span> <span class='ocrx_word' id='word_1_119' title='bbox 362 1518 456 1574; x_wconf 79' lang='lat' dir='ltr'><strong>Ceteri</strong></span> <span class='ocrx_word' id='word_1_120' title='bbox 467 1537 513 1590; x_wconf 87' lang='lat' dir='ltr'><strong>per</strong></span> <span class='ocrx_word' id='word_1_121' title='bbox 524 1520 607 1575; x_wconf 75' lang='lat' dir='ltr'><strong>serios</strong></span> <span class='ocrx_word' id='word_1_122' title='bbox 624 1537 699 1575; x_wconf 81' lang='lat' dir='ltr'><strong>ossus</strong></span> <span class='ocrx_word' id='word_1_123' title='bbox 715 1519 802 1592; x_wconf 76' lang='lat' dir='ltr'><strong>elapsi,</strong></span> <span class='ocrx_word' id='word_1_124' title='bbox 816 1521 896 1592; x_wconf 78' lang='lat' dir='ltr'><strong>qui-t</strong></span> 
     </span>
     <span class='ocr_line' id='line_1_19' title="bbox 80 1594 875 1661; baseline 0 -9"><span class='ocrx_word' id='word_1_125' title='bbox 80 1597 138 1652; x_wconf 77' lang='lat' dir='ltr'><strong>dem</strong></span> <span class='ocrx_word' id='word_1_126' title='bbox 155 1595 241 1652; x_wconf 88' lang='lat' dir='ltr'><strong>servili</strong></span> <span class='ocrx_word' id='word_1_127' title='bbox 256 1594 353 1661; x_wconf 79' lang='lat' dir='ltr'><strong>habitu,</strong></span> <span class='ocrx_word' id='word_1_128' title='bbox 369 1596 412 1651; x_wconf 84' lang='lat' dir='ltr'><strong>olii</strong></span> <span class='ocrx_word' id='word_1_129' title='bbox 427 1595 478 1652; x_wconf 89' lang='lat' dir='ltr'><strong>fide</strong></span> <span class='ocrx_word' id='word_1_130' title='bbox 492 1596 621 1652; x_wconf 82' lang='lat' dir='ltr'><strong>clientium</strong></span> <span class='ocrx_word' id='word_1_131' title='bbox 637 1598 748 1652; x_wconf 87' lang='lat' dir='ltr'><strong>eonteoti</strong></span> <span class='ocrx_word' id='word_1_132' title='bbox 764 1601 791 1652; x_wconf 87' lang='lat' dir='ltr'><strong>et</strong></span> <span class='ocrx_word' id='word_1_133' title='bbox 807 1597 875 1653; x_wconf 88' lang='lat' dir='ltr'><strong>inter</strong></span> 
     </span>
     <span class='ocr_line' id='line_1_20' title="bbox 79 1671 873 1746; baseline 0 -17"><span class='ocrx_word' id='word_1_134' title='bbox 79 1671 287 1730; x_wconf 83' lang='lat' dir='ltr'><strong>seroinesebditi.</strong></span> <span class='ocrx_word' id='word_1_135' title='bbox 323 1671 873 1746; x_wconf 70' lang='lat' dir='ltr'><strong>liserequi,exeeptoVitellinnorumsigno,</strong></span> 
     </span>
     <span class='ocr_line' id='line_1_21' title="bbox 82 1749 874 1824; baseline -0.001 -18"><span class='ocrx_word' id='word_1_136' title='bbox 82 1768 132 1822; x_wconf 88' lang='lat' dir='ltr'><strong>quo</strong></span> <span class='ocrx_word' id='word_1_137' title='bbox 151 1751 219 1806; x_wconf 77' lang='lat' dir='ltr'><strong>inter</strong></span> <span class='ocrx_word' id='word_1_138' title='bbox 235 1767 263 1804; x_wconf 91' lang='lat' dir='ltr'><strong>se</strong></span> <span class='ocrx_word' id='word_1_139' title='bbox 280 1749 458 1819; x_wconf 74' lang='lat' dir='ltr'><strong>noscebantur,</strong></span> <span class='ocrx_word' id='word_1_140' title='bbox 476 1751 545 1806; x_wconf 89' lang='lat' dir='ltr'><strong>ultro</strong></span> <span class='ocrx_word' id='word_1_141' title='bbox 562 1752 704 1824; x_wconf 78' lang='lat' dir='ltr'><strong>rogitantes</strong></span> <span class='ocrx_word' id='word_1_142' title='bbox 721 1750 874 1823; x_wconf 86' lang='lat' dir='ltr'><strong>responden·</strong></span> 
     </span>
     <span class='ocr_line' id='line_1_22' title="bbox 80 1825 920 1898; baseline 0 -16"><span class='ocrx_word' id='word_1_143' title='bbox 80 1831 152 1882; x_wconf 86' lang='lat' dir='ltr'><strong>tesve</strong></span> <span class='ocrx_word' id='word_1_144' title='bbox 162 1825 291 1881; x_wconf 72' lang='lat' dir='ltr'><strong>audaciam</strong></span> <span class='ocrx_word' id='word_1_145' title='bbox 298 1843 345 1896; x_wconf 85' lang='lat' dir='ltr'><strong>pro</strong></span> <span class='ocrx_word' id='word_1_146' title='bbox 353 1826 452 1882; x_wconf 78' lang='lat' dir='ltr'><strong>latebra</strong></span> <span class='ocrx_word' id='word_1_147' title='bbox 460 1827 590 1882; x_wconf 86' lang='lat' dir='ltr'><strong>haberent.</strong></span> <span class='ocrx_word' id='word_1_148' title='bbox 621 1829 784 1883; x_wconf 82' lang='lat' dir='ltr'><strong>Domitianus</strong></span> <span class='ocrx_word' id='word_1_149' title='bbox 793 1828 875 1898; x_wconf 84' lang='lat' dir='ltr'><strong>primo</strong></span> <span class='ocrx_word' id='word_1_150' title='bbox 883 1825 920 1884; x_wconf 82' lang='lat'><strong>74</strong></span> 
     </span>
     <span class='ocr_line' id='line_1_23' title="bbox 80 1902 875 1974; baseline 0 -15"><span class='ocrx_word' id='word_1_151' title='bbox 80 1904 223 1974; x_wconf 85' lang='lat' dir='ltr'><strong>irruptione</strong></span> <span class='ocrx_word' id='word_1_152' title='bbox 246 1902 313 1972; x_wconf 79' lang='lat' dir='ltr'><strong>apud</strong></span> <span class='ocrx_word' id='word_1_153' title='bbox 337 1903 461 1958; x_wconf 78' lang='lat' dir='ltr'><strong>edituum</strong></span> <span class='ocrx_word' id='word_1_154' title='bbox 484 1904 635 1970; x_wconf 82' lang='lat' dir='ltr'><strong>oooultetus,</strong></span> <span class='ocrx_word' id='word_1_155' title='bbox 654 1905 767 1960; x_wconf 79' lang='lat' dir='ltr'><strong>sollertis</strong></span> <span class='ocrx_word' id='word_1_156' title='bbox 789 1904 875 1959; x_wconf 85' lang='lat' dir='ltr'><strong>liberti</strong></span> 
     </span>
     <span class='ocr_line' id='line_1_24' title="bbox 81 1977 875 2052; baseline 0 -18"><span class='ocrx_word' id='word_1_157' title='bbox 81 1981 149 2034; x_wconf 86' lang='lat' dir='ltr'><strong>lineo</strong></span> <span class='ocrx_word' id='word_1_158' title='bbox 170 1977 266 2032; x_wconf 81' lang='lat' dir='ltr'><strong>amictu</strong></span> <span class='ocrx_word' id='word_1_159' title='bbox 282 1977 365 2033; x_wconf 81' lang='lat' dir='ltr'><strong>turbae</strong></span> <span class='ocrx_word' id='word_1_160' title='bbox 383 1979 560 2034; x_wconf 77' lang='lat' dir='ltr'><strong>seomoolnrum</strong></span> <span class='ocrx_word' id='word_1_161' title='bbox 578 1980 712 2035; x_wconf 90' lang='lat' dir='ltr'><strong>immixtus</strong></span> <span class='ocrx_word' id='word_1_162' title='bbox 729 1982 875 2052; x_wconf 78' lang='lat' dir='ltr'><strong>ignoratus·</strong></span> 
     </span>
     <span class='ocr_line' id='line_1_25' title="bbox 83 2051 876 2126; baseline 0.001 -17"><span class='ocrx_word' id='word_1_163' title='bbox 83 2073 141 2125; x_wconf 84' lang='lat' dir='ltr'><strong>que,</strong></span> <span class='ocrx_word' id='word_1_164' title='bbox 149 2051 218 2124; x_wconf 72' lang='lat' dir='ltr'><strong>apud</strong></span> <span class='ocrx_word' id='word_1_165' title='bbox 230 2052 374 2108; x_wconf 80' lang='lat' dir='ltr'><strong>Cornelium</strong></span> <span class='ocrx_word' id='word_1_166' title='bbox 385 2055 509 2120; x_wconf 87' lang='lat' dir='ltr'><strong>Primum,</strong></span> <span class='ocrx_word' id='word_1_167' title='bbox 518 2060 653 2126; x_wconf 80' lang='lat' dir='ltr'><strong>paternum</strong></span> <span class='ocrx_word' id='word_1_168' title='bbox 664 2056 789 2120; x_wconf 85' lang='lat' dir='ltr'><strong>olientem,</strong></span> <span class='ocrx_word' id='word_1_169' title='bbox 798 2059 876 2126; x_wconf 79' lang='lat' dir='ltr'><strong>juxte</strong></span> 
     </span>
     <span class='ocr_line' id='line_1_26' title="bbox 82 2127 899 2203; baseline 0.001 -18"><span class='ocrx_word' id='word_1_170' title='bbox 82 2129 222 2186; x_wconf 84' lang='lat' dir='ltr'><strong>Velabrum</strong></span> <span class='ocrx_word' id='word_1_171' title='bbox 242 2127 352 2184; x_wconf 87' lang='lat' dir='ltr'><strong>delituit.</strong></span> <span class='ocrx_word' id='word_1_172' title='bbox 388 2132 428 2185; x_wconf 88' lang='lat' dir='ltr'><strong>Ae</strong></span> <span class='ocrx_word' id='word_1_173' title='bbox 442 2131 557 2200; x_wconf 87' lang='lat' dir='ltr'><strong>potiente</strong></span> <span class='ocrx_word' id='word_1_174' title='bbox 573 2149 658 2186; x_wconf 88' lang='lat' dir='ltr'><strong>rerum</strong></span> <span class='ocrx_word' id='word_1_175' title='bbox 679 2135 752 2203; x_wconf 84' lang='lat' dir='ltr'><strong>petre</strong></span> <span class='ocrx_word' id='word_1_176' title='bbox 769 2131 899 2202; x_wconf 80' lang='lat' dir='ltr'><strong>disjecto2</strong></span> 
     </span>
     <span class='ocr_line' id='line_1_27' title="bbox 83 2204 876 2272; baseline -0.001 -9"><span class='ocrx_word' id='word_1_177' title='bbox 83 2207 171 2264; x_wconf 77' lang='lat' dir='ltr'><strong>editui</strong></span> <span class='ocrx_word' id='word_1_178' title='bbox 194 2204 368 2272; x_wconf 78' lang='lat' dir='ltr'><strong>contubernio,</strong></span> <span class='ocrx_word' id='word_1_179' title='bbox 393 2206 520 2262; x_wconf 80' lang='lat' dir='ltr'><strong>modicum</strong></span> <span class='ocrx_word' id='word_1_180' title='bbox 544 2207 664 2263; x_wconf 77' lang='lat' dir='ltr'><strong>senellam</strong></span> <span class='ocrx_word' id='word_1_181' title='bbox 685 2209 744 2263; x_wconf 87' lang='lat' dir='ltr'><strong>Jovi</strong></span> <span class='ocrx_word' id='word_1_182' title='bbox 768 2209 876 2263; x_wconf 87' lang='lat' dir='ltr'><strong>Consor-</strong></span> 
     </span>
     <span class='ocr_line' id='line_1_28' title="bbox 82 2283 876 2356; baseline 0 -16"><span class='ocrx_word' id='word_1_183' title='bbox 82 2283 166 2340; x_wconf 79' lang='lat' dir='ltr'><strong>vatori</strong></span> <span class='ocrx_word' id='word_1_184' title='bbox 186 2299 305 2352; x_wconf 77' lang='lat' dir='ltr'><strong>eramque</strong></span> <span class='ocrx_word' id='word_1_185' title='bbox 321 2283 408 2354; x_wconf 86' lang='lat' dir='ltr'><strong>posuit</strong></span> <span class='ocrx_word' id='word_1_186' title='bbox 424 2301 498 2339; x_wconf 81' lang='lat' dir='ltr'><strong>ossus</strong></span> <span class='ocrx_word' id='word_1_187' title='bbox 514 2303 574 2340; x_wconf 88' lang='lat' dir='ltr'><strong>suos</strong></span> <span class='ocrx_word' id='word_1_188' title='bbox 592 2285 620 2340; x_wconf 91' lang='lat' dir='ltr'><strong>in</strong></span> <span class='ocrx_word' id='word_1_189' title='bbox 633 2302 757 2340; x_wconf 87' lang='lat' dir='ltr'><strong>marmore</strong></span> <span class='ocrx_word' id='word_1_190' title='bbox 772 2303 876 2356; x_wconf 89' lang='lat' dir='ltr'><strong>expres-</strong></span> 
     </span>
     <span class='ocr_line' id='line_1_29' title="bbox 83 2358 875 2432; baseline 0.001 -15"><span class='ocrx_word' id='word_1_191' title='bbox 83 2381 152 2428; x_wconf 82' lang='lat' dir='ltr'><strong>sem3</strong></span> <span class='ocrx_word' id='word_1_192' title='bbox 171 2376 232 2414; x_wconf 84' lang='lat' dir='ltr'><strong>mox</strong></span> <span class='ocrx_word' id='word_1_193' title='bbox 250 2358 383 2429; x_wconf 86' lang='lat' dir='ltr'><strong>imperium</strong></span> <span class='ocrx_word' id='word_1_194' title='bbox 404 2361 513 2432; x_wconf 77' lang='lat' dir='ltr'><strong>adeptus</strong></span> <span class='ocrx_word' id='word_1_195' title='bbox 536 2361 596 2418; x_wconf 83' lang='lat' dir='ltr'><strong>Jovi</strong></span> <span class='ocrx_word' id='word_1_196' title='bbox 620 2361 729 2417; x_wconf 82' lang='lat' dir='ltr'><strong>Custodi</strong></span> <span class='ocrx_word' id='word_1_197' title='bbox 751 2362 875 2432; x_wconf 84' lang='lat' dir='ltr'><strong>templum</strong></span> 
     </span>
    </p>
   </div>
   <div class='ocr_carea' id='block_1_3' title="bbox 82 2436 898 2821">
    <p class='ocr_par' dir='ltr' id='par_1_3' title="bbox 82 2436 898 2821">
     <span class='ocr_line' id='line_1_30' title="bbox 82 2436 898 2510; baseline 0.001 -16"><span class='ocrx_word' id='word_1_198' title='bbox 82 2440 172 2510; x_wconf 86' lang='lat' dir='ltr'><strong>ingens</strong></span> <span class='ocrx_word' id='word_1_199' title='bbox 185 2453 262 2506; x_wconf 87' lang='lat' dir='ltr'><strong>seque</strong></span> <span class='ocrx_word' id='word_1_200' title='bbox 274 2436 301 2490; x_wconf 91' lang='lat' dir='ltr'><strong>in</strong></span> <span class='ocrx_word' id='word_1_201' title='bbox 314 2437 372 2492; x_wconf 87' lang='lat' dir='ltr'><strong>sinu</strong></span> <span class='ocrx_word' id='word_1_202' title='bbox 384 2437 425 2493; x_wconf 90' lang='lat' dir='ltr'><strong>dei</strong></span> <span class='ocrx_word' id='word_1_203' title='bbox 437 2439 553 2494; x_wconf 83' lang='lat' dir='ltr'><strong>saorsvit.</strong></span> <span class='ocrx_word' id='word_1_204' title='bbox 591 2438 699 2495; x_wconf 79' lang='lat' dir='ltr'><strong>Sabinus</strong></span> <span class='ocrx_word' id='word_1_205' title='bbox 717 2444 744 2495; x_wconf 92' lang='lat' dir='ltr'><strong>et</strong></span> <span class='ocrx_word' id='word_1_206' title='bbox 762 2441 898 2506; x_wconf 81' lang='lat' dir='ltr'><strong>Atticus,s</strong></span> 
     </span>
     <span class='ocr_line' id='line_1_31' title="bbox 84 2513 876 2588; baseline 0.003 -18"><span class='ocrx_word' id='word_1_207' title='bbox 84 2514 181 2570; x_wconf 79' lang='lat' dir='ltr'><strong>onerati</strong></span> <span class='ocrx_word' id='word_1_208' title='bbox 199 2513 296 2569; x_wconf 75' lang='lat' dir='ltr'><strong>ottenis</strong></span> <span class='ocrx_word' id='word_1_209' title='bbox 312 2517 339 2569; x_wconf 90' lang='lat' dir='ltr'><strong>et</strong></span> <span class='ocrx_word' id='word_1_210' title='bbox 357 2515 390 2570; x_wconf 81' lang='lat' dir='ltr'><strong>ad</strong></span> <span class='ocrx_word' id='word_1_211' title='bbox 407 2516 540 2572; x_wconf 85' lang='lat' dir='ltr'><strong>Vitellium</strong></span> <span class='ocrx_word' id='word_1_212' title='bbox 561 2516 640 2582; x_wconf 85' lang='lat' dir='ltr'><strong>duoti,</strong></span> <span class='ocrx_word' id='word_1_213' title='bbox 660 2535 820 2588; x_wconf 80' lang='lat' dir='ltr'><strong>nequequam</strong></span> <span class='ocrx_word' id='word_1_214' title='bbox 839 2518 876 2572; x_wconf 88' lang='lat' dir='ltr'><strong>in·</strong></span> 
     </span>
     <span class='ocr_line' id='line_1_32' title="bbox 83 2592 876 2665; baseline 0.004 -19"><span class='ocrx_word' id='word_1_215' title='bbox 83 2593 150 2647; x_wconf 81' lang='lat' dir='ltr'><strong>festo</strong></span> <span class='ocrx_word' id='word_1_216' title='bbox 167 2607 283 2646; x_wconf 86' lang='lat' dir='ltr'><strong>sermone</strong></span> <span class='ocrx_word' id='word_1_217' title='bbox 306 2592 430 2664; x_wconf 78' lang='lat' dir='ltr'><strong>miltuque</strong></span> <span class='ocrx_word' id='word_1_218' title='bbox 454 2594 623 2665; x_wconf 82' lang='lat' dir='ltr'><strong>excipiuntur,</strong></span> <span class='ocrx_word' id='word_1_219' title='bbox 641 2594 808 2650; x_wconf 84' lang='lat' dir='ltr'><strong>frementibus</strong></span> <span class='ocrx_word' id='word_1_220' title='bbox 833 2595 876 2664; x_wconf 85' lang='lat' dir='ltr'><strong>qui</strong></span> 
     </span>
     <span class='ocr_line' id='line_1_33' title="bbox 82 2666 877 2742; baseline -0.001 -19"><span class='ocrx_word' id='word_1_221' title='bbox 82 2670 125 2740; x_wconf 86' lang='lat' dir='ltr'><strong>jus</strong></span> <span class='ocrx_word' id='word_1_222' title='bbox 137 2666 213 2723; x_wconf 71' lang='lat' dir='ltr'><strong>cedis</strong></span> <span class='ocrx_word' id='word_1_223' title='bbox 225 2669 252 2721; x_wconf 87' lang='lat' dir='ltr'><strong>et</strong></span> <span class='ocrx_word' id='word_1_224' title='bbox 263 2669 365 2737; x_wconf 75' lang='lat' dir='ltr'><strong>premia</strong></span> <span class='ocrx_word' id='word_1_225' title='bbox 378 2673 491 2726; x_wconf 81' lang='lat' dir='ltr'><strong>enevotee</strong></span> <span class='ocrx_word' id='word_1_226' title='bbox 499 2688 583 2742; x_wconf 73' lang='lat' dir='ltr'><strong>opere</strong></span> <span class='ocrx_word' id='word_1_227' title='bbox 594 2671 723 2741; x_wconf 79' lang='lat' dir='ltr'><strong>petebant.</strong></span> <span class='ocrx_word' id='word_1_228' title='bbox 760 2670 877 2725; x_wconf 79' lang='lat' dir='ltr'><strong>Clamore</strong></span> 
     </span>
     <span class='ocr_line' id='line_1_34' title="bbox 83 2742 877 2821; baseline -0.001 -21"><span class='ocrx_word' id='word_1_229' title='bbox 83 2763 102 2800; x_wconf 85' lang='lat' dir='ltr'><strong><em>a</em></strong></span> <span class='ocrx_word' id='word_1_230' title='bbox 118 2742 239 2818; x_wconf 74' lang='lat' dir='ltr'><strong>proximis</strong></span> <span class='ocrx_word' id='word_1_231' title='bbox 251 2747 318 2820; x_wconf 81' lang='lat' dir='ltr'><strong>orto,</strong></span> <span class='ocrx_word' id='word_1_232' title='bbox 330 2746 433 2804; x_wconf 78' lang='lat' dir='ltr'><strong>sordida</strong></span> <span class='ocrx_word' id='word_1_233' title='bbox 444 2765 504 2819; x_wconf 82' lang='lat' dir='ltr'><strong>pers</strong></span> <span class='ocrx_word' id='word_1_234' title='bbox 520 2748 601 2821; x_wconf 90' lang='lat' dir='ltr'><strong>plebis</strong></span> <span class='ocrx_word' id='word_1_235' title='bbox 618 2747 770 2820; x_wconf 82' lang='lat' dir='ltr'><strong>supplicium</strong></span> <span class='ocrx_word' id='word_1_236' title='bbox 789 2744 877 2802; x_wconf 79' lang='lat' dir='ltr'><strong>Sebini</strong></span> 
     </span>
    </p>
   </div>
   <div class='ocr_carea' id='block_1_4' title="bbox 0 0 1053 3038">
    <p class='ocr_par' dir='ltr' id='par_1_4' title="bbox 0 0 1053 3038">
     <span class='ocr_line' id='line_1_35' title="bbox 0 0 1053 3038; baseline 0 0"><span class='ocrx_word' id='word_1_237' title='bbox 0 0 1053 3038; x_wconf 95' lang='lat' dir='ltr'><strong> </strong></span> 
     </span>
    </p>
   </div>
  </div>
 </body>
</html>
