2104 3022
153 109 205 168 'era
478 119 627 168 ramnus

155 219 332 299 intelligebant
353 246 417 300 opus
441 246 577 296 essenon
595 233 625 285 ut
648 229 675 286 in
698 229 830 285 rhetorum
853 230 950 287 scholis

156 304 332 370 declamarent,
350 323 398 359 neo
415 309 445 359 ut
463 306 529 360 fictis
545 324 592 360 nec
606 306 658 360 ullo
674 306 749 361 modo
765 306 798 360 ad
814 307 951 362 veritatem

156 381 334 437 accedentibus
347 381 524 436 controversiis
540 381 653 453 linguam
668 383 743 437 modo
759 386 786 437 et
798 401 884 438 vocem
902 402 950 438 ex·

156 461 277 524 eruerent,
291 457 336 512 sed
347 461 377 512 ιιι
395 457 426 512 iis
443 458 539 512 artibus
555 463 645 528 pectus
661 459 803 529 implerent,
816 459 949 530 inquibus

156 532 187 587 de
211 532 283 588 honis
305 551 334 588 ac
354 533 434 598 malis,
456 533 488 588 de
508 534 615 589 honesto
637 539 663 590 et
682 535 761 605 turpi,
780 535 812 589 de
829 535 900 606 justo
919 540 948 590 et

132 609 252 678 2injusto
268 609 421 679 disputatur.
457 611 522 665 Haec
539 611 606 665 enim
620 615 660 666 est
676 611 772 665 oratori
787 611 902 680 subjecta
913 611 948 668 ad

156 684 290 738 dicendum
305 686 418 740 materis.
454 686 522 740 Nam
536 686 564 739 in
577 686 681 755 judiciis
698 686 751 741 fere
767 687 799 741 de
817 688 945 758 aequitate,

154 759 183 812 in
194 759 415 816 deliberationibus
431 761 463 817 de
478 763 612 816 honestate
629 762 776 817 disserimus
791 764 837 827 ita,
849 767 880 816 ut
892 763 947 834 ple·

155 854 262 907 rumque
278 837 332 892 haee
346 838 425 908 [ipsa]
442 837 549 893 invicem
564 839 725 902 misceantur,
742 837 773 892 de
791 838 883 908 quibus
903 857 947 893 eu·

154 911 225 982 piose
246 916 272 968 et
289 914 357 968 varie
375 919 402 969 et
419 917 508 968 ornate
524 931 598 968 nemo
619 913 702 969 dicere
719 917 813 984 potest,
830 914 880 969 nisi
900 917 946 985 qui

155 990 273 1059 cognorit
292 993 409 1044 naturam
427 991 562 1044 humanam
578 994 604 1044 et
620 991 671 1045 vim
689 991 814 1045 virtutum
834 991 942 1060 pravita-

153 1067 256 1136 temque
265 1066 384 1121 vitiorum
396 1070 422 1121 et
434 1066 693 1131 intellectumeorum,
702 1084 758 1136 quar
769 1083 816 1120 neo
828 1066 855 1120 in
863 1067 914 1122 virt
933 1098 945 1109 -

129 1140 222 1195 atibus
235 1161 281 1196 nec
291 1142 360 1196 vitiis
372 1145 545 1196 numerantur.
581 1142 622 1196 Ex
635 1142 673 1196 his
685 1141 799 1196 fontibus
811 1143 888 1196 etiam
900 1142 945 1198 illa

146 1218 291 1288 profluunt,
303 1222 333 1272 ut
345 1218 443 1273 facilius
455 1218 519 1272 iram
528 1217 621 1288 judicis
634 1217 674 1272 vel
685 1217 790 1288 instiget
803 1217 843 1272 vel
853 1219 942 1284 leniat,

147 1293 197 1362 'qui
214 1294 263 1348 scit
275 1294 336 1365 quid
353 1295 398 1359 ira,
411 1294 552 1365 promptius
565 1293 597 1348 ad
613 1293 801 1348 miserationem
819 1294 941 1364 impellat,

152 1369 197 1438 qui
210 1371 259 1425 seit
275 1371 337 1442 qnid
353 1371 387 1425 sit
404 1367 575 1425 misericordia
592 1373 619 1425 et
637 1369 729 1441 quibus
741 1369 818 1424 animi
830 1371 942 1426 motibus

127 1446 301 1501 tmncitetm.
337 1448 370 1501 In
381 1447 421 1501 his
433 1447 530 1502 artibus
539 1445 813 1516 exercitationibusque
825 1450 941 1502 versatus

151 1525 244 1589 orator,
256 1523 309 1576 sive
325 1523 394 1592 apud
408 1523 518 1577 infestos
535 1523 588 1578 sive
604 1521 673 1592 apud
690 1522 796 1592 cupidos
808 1523 861 1578 sive
873 1523 942 1592 apud

150 1595 293 1651 invidentes
308 1598 361 1652 sive
377 1598 445 1667 apud
462 1599 550 1652 tristes
566 1598 619 1652 sive
636 1597 704 1667 apud
718 1599 837 1653 timentes
854 1597 940 1652 diceu-

151 1671 212 1725 dum
223 1672 348 1741 habuerit,
359 1673 457 1728 tenebit
469 1691 545 1728 venas
563 1673 710 1739 animorum,
724 1679 751 1728 et
766 1679 842 1745 prout
854 1678 941 1744 cujus-
999 1687 1001 1690 ·

150 1767 200 1820 que
211 1753 303 1804 natura
318 1750 464 1822 postulabit,
484 1750 612 1805 adhibebit
629 1769 732 1806 manum
748 1756 775 1806 et
789 1751 939 1822 temperabit

149 1827 296 1895 orationem,
308 1831 396 1898 parato
408 1827 476 1882 omni
487 1828 656 1882 instrumento
668 1833 695 1883 et
711 1827 743 1882 sd
754 1846 853 1882 omnem
864 1847 940 1883 usum

125 1905 267 1976 ereposito.
305 1905 371 1959 Sunt
387 1903 455 1976 apud
472 1923 535 1975 quos
553 1904 704 1960 adstrictum
718 1908 744 1960 et
762 1905 895 1960 collectum
912 1908 939 1960 et

149 1983 249 2054 singula
272 1983 360 2038 statim
383 1986 533 2054 argumenta
556 1982 707 2038 concludens
730 1983 829 2038 dicendi
858 2000 941 2053 genus

148 2058 207 2128 plus
220 2059 278 2115 fidei
289 2063 417 2114 meretur:
437 2059 504 2130 apud
515 2059 561 2114 hos
574 2058 672 2113 dedisse
689 2077 790 2129 operam
802 2059 938 2114 dialectiea

145 2137 269 2205 ‘proficiet
305 2136 377 2191 Alios
400 2136 459 2190 fusa
482 2139 508 2190 et
532 2135 634 2206 aqualis
658 2139 684 2190 et
708 2155 742 2190 ex
765 2135 937 2191 communibus
1048 2144 1049 2163 ¹

148 2211 225 2268 ducta
241 2213 356 2268 sensibus
374 2213 456 2267 oratio
473 2212 553 2284 magis
572 2211 698 2267 delectat:
725 2211 758 2266 ad
774 2212 821 2266 hos
840 2229 939 2282 permo-

144 2289 243 2344 'rendos
254 2289 427 2345 mutuabimur
445 2307 460 2343 a
475 2289 653 2358 Peripateticis
669 2291 743 2358 aptos
761 2292 788 2342 et
799 2289 827 2342 in
838 2305 937 2342 omnem

122 2362 344 2434 6disputati0nem
366 2368 466 2436 paratos
481 2368 535 2434 jam
552 2364 629 2421 locos.
665 2365 772 2420 Dabunt
792 2364 938 2420 Academici

147 2443 344 2510 pugnacitatem,
359 2442 433 2496 Plato
450 2440 618 2506 altitudinem,
637 2442 780 2512 Xenophon
794 2441 937 2512 jucundita-

145 2517 215 2570 tem:
234 2533 266 2570 ne
284 2516 389 2584 llpiouri
407 2516 552 2588 quidemst
570 2517 713 2572 Metrodori
729 2518 849 2571 honestas
865 2535 937 2587 quas-

146 2589 204 2644 dam
222 2591 417 2646 exclamationes
435 2610 571 2658 assumere,
593 2594 675 2664 iisqua
695 2598 772 2664 prout
792 2611 833 2647 ras
853 2593 936 2664 poscit

121 2666 193 2732 ruti,
214 2667 322 2722 alienum
339 2665 389 2720 erit
407 2667 510 2722 oratori.
547 2667 638 2740 Neque
655 2669 722 2724 enim
740 2669 880 2740 sapientem
897 2668 936 2722 ιιι-
