2104 3022
279 123 328 170 DE
345 114 572 172 onerem-nus
589 121 692 170 86-88.
844 117 891 170 tls

95 232 129 288 de
140 233 211 288 suro
221 235 267 288 ιιιιι
278 233 387 288 somnis
396 237 424 289 et
435 232 571 288 interdicto
588 228 722 287 dioendum
738 231 838 298 habers,
857 243 891 288 ιιι

94 308 128 364 de
140 309 238 364 ambitu
251 309 418 375 oomitiorum,
431 308 550 380 expilatis
566 307 640 364 sooiis
657 311 684 362 et
696 307 795 364 oivibus
810 309 890 364 truci*

94 383 170 440 datis.
206 384 273 446 Quo
288 385 354 440 mals
371 386 438 440 siout
453 401 506 439 non
522 383 634 439 recidere
648 383 738 439 melius
751 387 798 450 est,
816 384 913 455 isques

94 461 209 530 optimus
224 461 335 517 civitatis
347 464 431 516 status
442 460 573 516 habendus
586 463 634 526 est,
651 459 679 514 in
695 477 745 532 quo
758 461 822 515 nihil
837 461 889 517 tale

93 537 214 606 potimur,
231 537 275 602 its,
293 555 351 592 oum
362 537 513 604 assiderent,
530 536 661 608 ingentem
676 535 826 608 eloquentie
837 555 888 592 me·

93 611 426 668 terismsubministrsbsnt.
463 612 562 667 Oresoit
575 611 888 683 enimenmsmplitudine

93 705 181 743 rerum
199 688 238 743 vis
257 688 361 759 ingenii,
385 706 433 744 neo
453 688 588 759 quisquam
609 687 702 742 olorem
717 691 746 743 et
764 688 888 744 illustrem

94 765 235 818 orationem
247 763 347 819 effioere
355 767 450 834 potest,
458 763 508 818 nisi
520 763 564 834 qui
576 779 679 818 esusum
687 781 774 834 parem
782 765 887 821 invenit.

94 839 165 904 Non,
185 840 281 910 opinor,
301 841 500 895 Demosthenem
523 838 651 894 orationes
674 839 804 895 illustrent
825 851 912 912 queso

94 915 216 970 adversus
229 919 329 971 tutores
345 933 405 970 suos
416 915 560 986 oomposuit
568 935 575 980 ;
594 931 642 968 neo
658 914 803 970 (tioeronem
818 933 889 986 meg-

93 1008 156 1045 num
177 994 303 1046 oratorem
320 993 349 1046 P.
363 992 486 1050 Quintius
507 990 626 1045 defensus
642 993 688 1044 sut
705 989 820 1046 Licinius
837 993 887 1045 Ar-

93 1066 164 1122 ehius
182 1067 295 1122 ludunt:
314 1067 422 1121 Outilins
437 1071 464 1122 et
478 1065 544 1120 Milo
561 1070 588 1121 et
604 1065 699 1121 Verres
715 1066 886 1122 etAntonius

92 1141 159 1198 huno
174 1142 212 1197 illi
227 1143 320 1198 famam
334 1142 560 1198 circumdederunt.
597 1141 659 1196 Non
676 1141 736 1213 quis
752 1142 821 1197 tenti
836 1143 910 1200 initi

92 1218 237 1290 reipublice
257 1219 335 1273 mulos
352 1218 419 1273 ferre
436 1219 512 1286 eires,
530 1221 560 1272 ιιι
577 1217 684 1272 uberem
702 1217 887 1273 addicendum

92 1295 224 1350 materiam
239 1299 352 1350 oratores
367 1294 504 1350 haberent:
524 1293 576 1358 sed,
589 1297 620 1348 ut
635 1293 743 1349 subinde
754 1293 884 1366 admoneo,

93 1371 240 1442 questionis
252 1371 447 1436 meminerimus,
459 1371 619 1440 sciamusque
636 1389 679 1424 nor
691 1369 723 1425 de
735 1389 766 1426 es
776 1389 804 1426 re
815 1370 886 1442 loqui

1 1509 2 1514 ἵ
110 1465 150 1502 uss
165 1447 264 1503 isoilius
283 1445 392 1502 turbidis
416 1451 443 1502 et
458 1446 579 1517 inquietis
598 1446 755 1516 temporibus
776 1447 884 1503 exstitit.

93 1465 160 1654 il:
314 1597 795 1668 us

94 1691 170 1743 quem
188 1693 238 1746 pax
254 1676 349 1730 lerunt.
383 1675 479 1730 smilis
497 1674 648 1746 eloquentie
661 1672 781 1730 conditio.
817 1675 910 1730 Nam‘t

1 1767 2 1772 ¹
93 1767 144 1818 qno
160 1751 253 1819 saepius
269 1751 370 1806 steterit
381 1755 502 1822 tanquam
516 1751 545 1806 in
560 1751 621 1816 aoie,
639 1769 740 1822 quoque
756 1751 842 1821 plures
860 1755 886 1806 et

1 1875 3 1894 ι
93 1823 208 1879 intulerit
224 1825 291 1880 iotus
306 1829 333 1880 et
348 1825 485 1895 exoepeu‘t,
508 1843 608 1896 quoque
628 1826 709 1896 major
728 1825 886 1880 adversarium

94 1903 121 1954 et
139 1899 248 1954 seriores
264 1917 364 1970 pugnus
385 1900 434 1954 sibi
450 1900 506 1969 ipse
524 1900 703 1972 desumpserit
719 1903 793 1954 tento
811 1899 887 1954 altior

94 1981 120 2030 et
132 1975 254 2030 exoelsior
264 1978 291 2030 et
303 1975 353 2030 illis
368 1975 503 2030 nobilitata
514 1974 720 2030 disoriminibus'
712 1993 740 2029 ιιι
750 1991 794 2030 ore
805 1975 885 2031 homi·

1 2083 2 2096 ι
93 2069 154 2105 unm
166 2051 227 2122 ugit,
241 2068 348 2122 quorum
359 2069 390 2106 es
400 2054 493 2106 netum
503 2053 552 2116 est,
565 2053 595 2104 nt
611 2049 629 2086 *ι
644 2050 662 2086 *
674 2065 764 2106 seems
773 2050 860 2106 velint.

128 2129 145 2158 “
151 2127 263 2182 'lionseo
274 2126 307 2181 sd
317 2126 424 2182 sormam
435 2131 462 2182 et
474 2129 579 2182 oonsuet
567 2125 682 2182 tudinem
693 2130 808 2182 veterum
816 2125 885 2196 judi·
892 2133 930 2188 88

94 2201 198 2266 olorum,
212 2221 268 2274 que
285 2202 335 2257 etsi
351 2220 420 2258 nuno
435 2202 519 2274 sptior
536 2205 576 2257 est
590 2201 700 2268 veritati,
716 2201 842 2273 eloquent
834 2219 886 2258 ism

0 2324 1 2337 ,
94 2279 179 2332 tumen
193 2277 256 2332 illud
271 2278 355 2333 iorum
370 2278 451 2350 magis
467 2277 630 2343 exeroebst‚'
622 2287 650 2331 nl
665 2295 716 2348 quo
727 2295 801 2332 nemo
817 2277 886 2333 intre

94 2353 257 2423 paucissimus
274 2354 349 2409 boras
369 2372 486 2426 perorare
505 2353 650 2425 eogebatur,
670 2357 696 2408 et
714 2352 798 2409 libers
816 2371 884 2408 oom-

92 2429 311 2500 perendinationes
331 2435 412 2497 erant,
430 2433 457 2485 et
474 2430 576 2485 modum
594 2427 694 2484 dicendi
709 2428 758 2484 sibi
776 2429 884 2500 quisque

1 2497 2 2522 ¹
94 2504 217 2571 sumebat,
234 2509 261 2560 et
276 2523 397 2562 numerus
413 2524 496 2578 neque
512 2506 610 2561 dierum
625 2523 708 2576 neque
719 2508 885 2576 patronorum

94 2579 233 2636 liniebatur.
269 2581 371 2637 Primus
384 2583 439 2638 hreo
450 2582 528 2638 tertio
540 2580 675 2638 oonsulutu
685 2581 734 2637 On.
747 2581 906 2652 Pompeium

95 2657 221 2726 astrinxit,
246 2658 418 2731 imposuitque
446 2658 527 2716 veluti
554 2658 640 2715 frenos
666 2657 824 2731 eloquentie,
844 2656 885 2712 its
