2096 3038
75 216 96 254 A
113 213 132 254 D
149 212 191 262 ω]
243 147 495 200 HlSTOllIARUM
514 147 566 198 111.
583 150 686 198 sa-es.
818 149 863 200 137

74 267 119 318 tus
140 264 281 326 noseerent
301 260 469 327 remittendo;
494 277 558 332 quos
578 277 665 316 omnes
686 257 806 314 Vitellius
825 277 864 315 se·

75 346 146 396 ereto
158 342 337 410 percunctatus
349 337 458 393 interlioi
473 337 558 408 jussit.
594 335 710 392 Notabili
722 337 887 394 eonstentiel

75 415 190 472 eentruio
202 414 287 469 Julius
303 415 429 486 Agrestis,
442 417 501 485 post
518 413 612 468 multos
628 429 756 468 sermones
772 413 865 483 quibus

75 491 207 547 Vitellium
226 489 259 544 nd
275 493 396 546 virtutem
413 491 510 544 trustra
526 489 686 558 aoeendebat,
704 489 814 560 perpulit
834 492 865 546 nt

77 569 110 626 ad
124 570 190 625 vires
202 568 314 623 bostium
330 567 488 640 spectandos,
507 586 613 639 quaeque
631 567 698 638 apud
715 567 865 622 Cremonam

77 653 135 702 sota
145 646 237 710 forent,
251 645 305 716 ipse
317 646 472 701 mitteretur.
509 645 566 700 Neo
582 644 754 716 exploratione
766 645 887 701 oooultat

77 723 164 778 fallere
186 722 328 777 Antonium
350 722 469 788 tentavit,
495 720 541 776 sed
563 721 684 775 mandata
706 721 866 792 imperatoris

77 817 202 870 suumque
225 799 337 854 animum
360 798 498 869 professus,
518 802 549 852 ut
572 801 665 852 eunots
687 797 790 862 viseret,
810 816 866 868 pos·

77 875 152 930 tolet.
188 874 264 929 Missi
275 875 320 946 qui
331 875 415 929 looum
431 873 519 943 prelii,
533 873 664 928 Cremonae
680 873 795 943 vestigia,
809 892 867 946 oap-

77 954 119 1006 tss
137 949 250 1019 legiones
270 950 443 1005 ostenderent.
484 949 602 1018 Agrestis
623 949 656 1003 ad
675 949 807 1004 Vitellium
827 969 889 1014 ree

78 1027 180 1090 meavit,
194 1025 364 1096 abnuentique
375 1043 437 1080 vera
448 1042 503 1079 esse
516 1042 572 1094 que
584 1025 693 1089 afferret,
707 1032 783 1096 atque
798 1027 867 1081 ultro

80 1105 228 1172 oormptnm
237 1102 362 1172 arguenti,
375 1103 389 1130 ‘⁴
399 1099 634 1170 uumdoquidem?
646 1100 738 1170 inquit,
751 1107 867 1171 “magno

81 1177 233 1232 documento
253 1194 317 1247 opus
336 1180 384 1242 est,
406 1193 454 1231 neo
469 1175 533 1230 elius
551 1175 604 1246 jam
620 1175 669 1232 tibi
686 1179 732 1230 aut
745 1177 806 1232 vitae
823 1181 868 1232 aut

80 1253 171 1308 mortis
183 1271 245 1308 meae
256 1272 326 1318 usos,
340 1253 405 1308 dabo
417 1253 459 1308 oui
470 1251 584 1308 eredas?
619 1253 706 1323 Atque
723 1253 762 1308 its
772 1253 890 1324 digrest

80 1349 125 1386 sos
149 1329 292 1385 voluntaria
314 1334 396 1386 morte
420 1329 489 1384 diota
511 1329 628 1384 firmavit.
666 1329 777 1389 Quidam
794 1333 870 1401 jussu

72 1407 179 1462 ,vitellii
196 1406 365 1472 interiectum,
385 1405 484 1462 deiide
502 1405 695 1477 oonstantiaque
715 1406 802 1462 eedem
819 1411 869 1462 tra-

80 1483 174 1539 didere.
214 1483 338 1552 Vitellius,
350 1486 380 1538 nt
392 1502 407 1539 e
419 1500 508 1539 somno
519 1483 625 1548 excitos,
639 1484 657 1537 J
657 1483 735 1538 ulium
753 1485 913 1545 Prisoum55

80 1564 109 1616 et
131 1560 262 1616 Alienium
280 1563 377 1616 Vas-om
401 1578 459 1616 oum
477 1559 668 1631 quatuordeeim
685 1562 810 1631 pretoriis
828 1579 868 1618 oo

80 1637 198 1693 hortibus
210 1643 237 1692 et
248 1637 365 1693 omnibus
381 1637 497 1708 equitum
511 1637 559 1692 alis
575 1637 690 1692 obsidere
707 1639 870 1710 Apenninum

72 1713 162 1784 -jubet
199 1714 318 1769 Secutae
330 1714 440 1769 elassieis
452 1713 526 1785 legio.
556 1714 606 1769 Tot
618 1714 697 1769 millia
708 1719 870 1784 armatorum,

74 1789 149 1861 -leota
164 1789 235 1860 equis
251 1790 370 1860 virisque,
383 1791 406 1845 si
420 1789 474 1844 dux
490 1789 553 1844 alins
569 1789 643 1856 foret,
661 1791 792 1846 inferendo
808 1809 871 1862 qno·

82 1883 133 1936 que
144 1864 210 1919 bello
223 1865 285 1920 satis
296 1865 431 1935 pollebunt.
463 1867 566 1920 (iaeteroe
577 1867 694 1921 eohortes
707 1867 739 1922 ad
750 1867 893 1924 tuendamz

82 1940 173 1994 urbem
184 1939 216 1994 L.
224 1940 328 1995 Vitellio
340 1941 415 1994 fratri
432 1940 505 1996 dats.
541 1941 602 2011 Ipse
617 1943 707 1998 nihile
719 1943 795 1998 solito
809 1944 872 1999 luxu

83 2015 225 2080 remittens,
250 2019 277 2070 et
300 2015 441 2072 diffidentia
464 2034 593 2086 properus,
618 2017 738 2072 festinare
762 2020 871 2084 eomitia,

84 2091 178 2163 quibus
197 2091 314 2146 eonsules
333 2092 361 2146 in
380 2092 474 2146 multos
498 2109 577 2146 annos
601 2092 759 2160 destinabat;
778 2095 873 2151 foeders

83 2167 168 2233 sociis,
180 2167 285 2222 Latium
301 2168 413 2222 externis
431 2167 559 2239 dilargiri3
577 2168 617 2222 his
628 2169 727 2223 tribute
738 2170 872 2240 dimittere,

84 2245 147 2300 alios
159 2243 362 2299 immunitatibus
370 2247 476 2314 juvare3
495 2244 603 2314 denique
611 2245 689 2300 nulla
704 2245 731 2300 in
742 2251 873 2317 posterum

84 2339 147 2378 oure
157 2321 267 2376 laoerare
278 2321 420 2392 imperium.
458 2320 508 2376 Sed
520 2321 612 2392 vulgus
629 2321 661 2376 aa
672 2323 895 2395 magnitudinemt

84 2398 262 2454 beneficiorum
275 2397 375 2464 oderat;
387 2397 553 2452 stultissimus
565 2398 671 2469 quisque
683 2402 796 2470 pecuniis
807 2422 873 2459 mer·

84 2475 205 2540 osbatur3
224 2474 292 2545 apud
308 2475 434 2545 sapientes
453 2492 523 2530 oassa
540 2475 704 2542 habebantur,
719 2496 776 2549 quse
791 2499 873 2551 neque

85 2551 140 2607 dari
160 2569 242 2623 neque
257 2551 344 2621 aoeipi,
360 2551 429 2606 salva
446 2551 580 2622 republica,
600 2557 725 2624 poterant.
761 2556 896 2611 Tandemt

84 2628 217 2698 flagitante
240 2628 361 2694 exercitu,
387 2628 430 2700 qui
453 2628 599 2684 Mevaniam
621 2631 756 2697 insederat,
781 2650 874 2703 magno

86 2708 232 2762 senatorum
251 2706 358 2780 agmine,
379 2723 487 2777 quorum
505 2705 599 2763 multos
623 2709 766 2773 ambitione,
788 2709 874 2780 pluras
