2070 3204
149 133 180 182 tt
484 127 605 180 TACITI

783 191 819 239 [a.
829 191 856 232 n.
866 192 891 230 c.
901 191 949 232 aas

149 243 260 298 militum
279 245 459 314 aggregantur,
482 259 561 314 prope
580 243 608 297 in
631 239 745 313 prelium
769 257 896 305 exarsere,
919 242 949 296 ni

149 319 246 375 Valens
264 319 479 375 animadversione
497 336 636 390 paucorum
653 317 745 374 oblitos
762 316 815 388 jam
833 318 948 372 Batavos

107 427 112 436 ι
127 397 250 467 timperii
262 397 442 453 admonuisset.
477 396 585 451 Frustra
597 395 717 451 adversam
729 394 828 449 AEduos
838 395 950 464 quesita

150 473 210 528 belli
217 492 305 530 causa:
315 475 384 544 jussi
395 474 528 548 pecuniam
540 477 617 545 atque
625 491 695 527 arma
703 470 809 534 deferre,
817 471 948 542 gratuitos

127 548 255 621 6insuper
270 555 424 606 commeatus
436 550 574 621 prebuere.
611 548 689 608 Quod
706 548 785 603 AEdui
802 546 948 614 formidine,

151 626 337 698 Lugdunenses
350 627 545 698 gaudioieoere.
582 626 632 682 Sed
653 625 720 694 legio
743 624 835 680 Italica
858 627 884 678 et
907 624 949 678 ala

150 702 261 758 Taurina
272 704 404 760 abductae:
427 704 557 758 cohortem
575 701 802 757 duodevicesimam
813 699 946 770 Lugduni,

127 780 232 835 7solitis
250 780 299 835 sibi
316 779 436 846 hibernis,
452 779 560 850 relinqui
578 778 681 849 placuit.
717 777 830 831 Manlius
848 776 947 831 Valens

150 855 251 926 legatus
275 857 373 912 Italicas
396 856 510 928 legionis,
531 874 675 927 quanquam
695 853 760 909 bene
779 853 811 908 de
828 853 946 925 partibus

128 941 141 984 8
151 934 264 1000 meritus,
274 934 344 988 nullo
356 933 422 1005 apud
433 932 564 987 Vitellium
574 934 670 986 honore
677 931 734 986 fuit.
767 930 876 985 Secretis
885 947 947 984 eum

152 1009 368 1066 criminationibus
392 1009 558 1064 infamaverat
582 1009 676 1064 Fabius
696 1008 813 1080 ignarum
837 1010 872 1074 et,
893 1025 947 1078 quo

151 1083 276 1141 incautior
288 1087 453 1158 deciperetur,
467 1085 549 1156 palam
560 1085 699 1139 laudatum.

106 1168 141 1222 65
186 1163 308 1219 Veterem
320 1165 387 1218 inter
399 1162 586 1234 Lugdunenses
598 1168 623 1216 et
637 1164 781 1216 Viennenses
793 1159 948 1216 discordiam

152 1241 294 1308 proximum
306 1240 400 1294 bellum
416 1239 572 1294 accenderat.
608 1237 701 1292 Multe
713 1238 740 1292 in
753 1238 834 1292 uicem
850 1237 946 1302 clades,

153 1313 266 1368 erebrius
278 1315 446 1382 infestiusque
458 1334 533 1385 quam
546 1319 576 1368 ut
587 1317 689 1368 tantum
700 1319 805 1384 propter
813 1313 948 1368 Neronem

128 1388 309 1458 2Galbamque
325 1395 490 1458 pugnaretur.
526 1391 562 1445 Et
580 1390 661 1444 Galba
675 1389 774 1444 reditus
789 1388 948 1459 Lugdunen-

153 1464 218 1517 sium
237 1464 367 1522 ocoasione
383 1465 427 1520 ire
443 1465 470 1520 in
487 1466 576 1520 fiscum
593 1469 722 1531 verterat3
740 1465 837 1519 multus
855 1469 948 1520 contu

129 1539 180 1594 tin
191 1539 348 1595 Viennenses
361 1541 448 1595 honor.
485 1541 562 1596 Unde
571 1541 697 1596 emulatio
709 1545 736 1596 et
748 1540 843 1595 invidia
853 1544 880 1594 et
892 1559 948 1596 uno

153 1634 226 1670 amne
238 1615 354 1670 discretis
368 1635 510 1672 connexum
527 1618 620 1673 odium.
656 1617 742 1688 Igitur
757 1617 948 1688 Lugdunenses

153 1692 315 1747 exstimulare
328 1693 441 1764 singulos
453 1694 563 1749 militum
575 1699 602 1749 et
614 1695 641 1749 in
650 1694 806 1750 eversionem
816 1694 949 1749 Viennen-

153 1769 219 1823 sium
231 1768 365 1840 impellere,
378 1769 506 1824 obsessam
519 1772 550 1826 ab
562 1771 611 1826 illis
621 1771 744 1826 coloniam
753 1789 832 1835 suam,
843 1769 948 1840 adjutos

152 1845 268 1900 Vindicis
287 1849 401 1910 conatus,
418 1849 575 1919 conscriptas
592 1866 674 1918 nuper
689 1847 801 1918 legiones
816 1847 844 1900 in
859 1848 949 1917 prassi-

126 1921 223 1977 4dium
248 1922 334 1978 Galbe
351 1923 491 1979 referendo.
527 1925 563 1980 Et
580 1923 626 1978 nbi
643 1941 732 1978 causes
749 1923 865 1978 odiorum
882 1941 947 1993 pre-

152 1999 295 2068 tenderent,
320 1999 523 2071 magnitudinem
546 1999 639 2071 predae
663 1999 838 2054 ostendebant.
887 1999 948 2056 Nec

149 2079 203 2149 jem
221 2081 319 2135 secreta
337 2077 487 2143 exhortatio,
507 2077 552 2132 sed
569 2076 676 2148 publice
694 2094 798 2146 preces:
817 2076 884 2130 irent
908 2076 948 2130 ul·

127 2159 228 2220 stores,
247 2155 424 2212 exscinderent
449 2154 535 2209 aedem
553 2152 643 2208 Gallici
666 2151 732 2207 belli.
770 2151 870 2206 Cuncta
893 2151 948 2207 illio

151 2235 257 2284 externa
274 2239 302 2286 et
317 2231 436 2286 hostilia:
455 2249 483 2284 se
500 2229 624 2285 coloniam
642 2229 784 2282 Romanam
801 2232 828 2282 et
846 2230 948 2298 partem

151 2305 279 2359 exercitus
291 2309 318 2359 et
330 2323 508 2375 prosperarum
520 2305 732 2375 adversarumque
750 2323 835 2359 rerum
853 2303 946 2360 socios.

101 2376 138 2434 66
153 2379 181 2433 Si
190 2378 294 2433 fortuna
305 2384 395 2434 contra
412 2379 491 2444 daret,
508 2381 580 2436 iratis
596 2400 629 2436 ne
644 2381 868 2460 relinquerentur3
892 2380 947 2436 His

152 2460 178 2512 et
191 2455 307 2526 pluribus
318 2455 346 2510 in
358 2454 465 2510 eundem
477 2456 580 2511 modum
595 2457 766 2528 perpulerant.
779 2463 810 2512 ut
821 2475 854 2512 ne
865 2455 947 2528 legati

152 2530 253 2603 quidem
272 2549 301 2586 ac
319 2529 397 2585 duces
415 2531 526 2602 partium
543 2535 668 2603 restingui
690 2552 765 2603 posse
788 2533 947 2590 macundiam

151 2608 278 2662 exercitus
291 2607 483 2670 arbitrarentur,
497 2624 555 2660 oum
566 2607 635 2661 hand
645 2608 729 2676 ignari
741 2609 891 2664 discriminis
904 2611 948 2666 sui

152 2683 318 2747 Viennenses,
326 2680 469 2736 velamenta
477 2684 504 2734 et
510 2680 603 2734 infulas
612 2682 784 2750 preferentes,
796 2684 841 2740 ubi
853 2703 947 2755 agmen
