2104 3022
179 116 226 168 27⁰
416 141 422 156 ·
449 121 452 128 ’
515 117 636 166 ΤΔΟΙΤΙ

818 175 974 229 [suosne

179 226 332 292 teruntned
344 226 495 297 deprehensi
511 232 587 295 sunt;
606 228 748 283 novissime
764 245 805 283 res
817 234 844 284 et
856 233 975 284 extremo

182 307 253 358 metu
265 321 372 373 corpore
387 303 497 359 defixere
509 305 586 359 aciem
604 304 632 358 in
647 305 687 359 his
703 303 825 375 vestigiis,
838 305 866 359 iu
881 305 976 376 quibus

158 379 348 450 dpulchramet
358 379 520 450 spectabilem
532 381 663 435 victoriam
677 379 793 435 ederetis.
829 381 977 452 'Ibunsigite

181 473 239 509 curn
251 454 471 524 expeditionibus;
489 456 612 526 imponite
625 455 809 527 quinquaginta
820 457 892 510 enuis
904 475 977 528 meg-

181 549 243 584 num
264 530 344 596 diem;
371 531 512 600 approbate
535 531 680 601 reipublicae
700 549 829 601 nunquam
850 533 978 588 exercitui

182 606 302 675 imputari
322 606 437 675 potuisse
460 611 505 662 eut
526 625 609 662 mores
630 606 696 672 belli,
719 610 764 661 aut
785 624 873 662 causas
894 607 978 662 rebel-

139 681 276 739 85landi.''
313 682 348 736 Bt
366 681 509 753 alloquente
530 683 612 738 adhuc
633 682 753 753 Agricola
773 682 882 737 militum
901 682 978 738 ardor

160 805 163 811 .
181 757 316 824 eminebat,
328 761 355 812 et
370 757 446 812 finem
462 759 583 814 orationis
599 759 689 830 ingens
707 758 823 812 alacritas
840 763 979 813 eonseouts

161 838 231 901 hest,
252 834 389 904 statimque
410 833 443 888 ad
463 853 532 889 arma
553 835 704 890 discursum.
740 834 881 889 instinctos
901 853 979 888 rucn-

183 914 274 980 tcsque
291 911 335 964 ita
358 909 492 980 disposuit,
517 914 547 964 ut
570 909 685 980 peditum
710 909 811 976 auxilia,
836 928 893 980 quse
917 913 978 965 octo

183 986 288 1040 millium
310 989 390 1053 eraut,
411 986 518 1040 mediam
536 987 615 1041 aciem
635 986 771 1051 firmarent,
792 985 908 1055 equiturn
927 986 979 1040 tria

184 1062 262 1117 millia
274 1062 391 1117 cornibus
409 1062 606 1117 effunderentur.
642 1061 769 1130 Legiones
782 1079 828 1130 pro
844 1061 910 1116 vallo
926 1068 979 1117 ste-

184 1143 247 1203 tere,
262 1139 351 1209 ingens
367 1139 479 1193 victoria
495 1137 572 1193 decus
589 1138 654 1192 citra
668 1137 813 1192 Romanum
829 1137 978 1207 sanguinem

163 1213 296 1278 ebellunti,
307 1217 333 1268 et
346 1214 508 1279 auxiliamini
520 1213 682 1284 pellerentur.
717 1213 898 1268 Britannorum
911 1213 978 1268 acies

185 1290 213 1345 in
225 1291 334 1360 speciem
344 1290 419 1344 simul
427 1309 456 1344 ec
465 1294 588 1345 terrorem
597 1288 745 1344 editioribus
757 1289 819 1344 loeis
828 1289 978 1344 constiterat

185 1366 229 1430 ita
239 1369 269 1419 ut
279 1367 390 1434 primum
402 1385 492 1437 agmen
500 1367 528 1420 in
539 1383 619 1437 usquo,
629 1365 715 1420 oaeteri
726 1383 773 1435 per
784 1364 876 1420 acclive
884 1368 979 1436 jugum

187 1442 294 1496 convexi
305 1442 375 1496 velut
391 1442 552 1512 insurgerent
560 1464 567 1508 ;
587 1441 669 1496 media
680 1441 765 1512 campi
781 1441 939 1496 covinnarius
952 1445 980 1496 et

164 1527 264 1586 seques
281 1517 392 1587 strepitu
404 1535 433 1571 ac
451 1517 566 1571 discursu
582 1516 732 1586 complebat.
768 1517 833 1570 llum
851 1516 979 1587 Agricola,

187 1595 323 1660 superante
347 1592 459 1646 hostium
482 1591 653 1656 multitudine,
675 1592 779 1657 veritum,
801 1611 834 1646 ne
857 1592 932 1646 simul
952 1593 980 1647 in

179 1666 297 1720 ,frontem
318 1667 393 1721 simul
412 1671 439 1722 et
460 1667 540 1722 latera
560 1685 663 1721 suorum
682 1671 848 1739 pugnnretur,
869 1666 980 1722 diductis

187 1741 325 1810 ordinibus,
346 1760 490 1813 quenquam
513 1743 654 1812 porrectior
674 1744 741 1798 acies
763 1744 852 1798 futura
874 1746 929 1797 erat
953 1747 980 1798 et

188 1817 350 1874 arcessendus
361 1818 475 1889 plerique
486 1818 598 1890 legiones
613 1817 786 1884 admonebant,
800 1820 942 1889 promptior
953 1820 982 1874 in

189 1913 260 1965 spem
272 1897 299 1949 et
307 1895 395 1949 firmus
407 1894 526 1960 adversis,
537 1895 640 1949 dimisso
652 1913 717 1966 equo
728 1895 806 1964 pedes
818 1899 877 1949 ante
888 1895 982 1950 vexilla

132 1971 313 2030 =3iiconstitit
349 1973 388 2026 Ac
400 1971 481 2040 primo
494 1989 632 2042 congressu
643 1971 741 2025 eminus
753 1970 904 2025 certabatur.
942 1971 982 2024 Si·

189 2047 291 2118 mulque
300 2047 450 2112 constantia,
461 2046 537 2101 simul
545 2049 600 2101 arte
608 2046 724 2101 Britanni
737 2046 882 2116 ingentibus
891 2044 981 2117 gladiis

189 2127 216 2178 et
227 2123 346 2178 brevibus
359 2123 435 2178 cetris
444 2123 549 2177 missilis
557 2126 703 2176 nostrorum
712 2122 793 2176 vitare
802 2122 843 2176 vel
855 2125 982 2196 excutere,

190 2202 267 2271 atque
285 2199 336 2270 ipsi
354 2216 471 2270 magnam
490 2198 542 2252 vim
560 2197 670 2252 telorum
691 2197 881 2268 superfundere,
901 2196 982 2252 donec

182 2275 311 2345 Agricola
328 2280 377 2330 ires
392 2275 547 2330 Batavorum
565 2275 682 2340 cohortes
699 2292 728 2328 ac
743 2275 902 2344 Tungrormn
918 2271 982 2327 duas

190 2350 339 2404 cohortatum
358 2354 405 2415 est,
424 2356 454 2404 ut
473 2368 527 2404 rem
546 2349 578 2403 ed
595 2368 726 2404 mucrones
746 2367 775 2404 ec
794 2367 883 2403 rnanus
902 2347 984 2402 addu-

191 2428 293 2487 cerent;
312 2425 380 2493 quod
396 2429 423 2479 et
437 2425 500 2495 ipsis
515 2429 643 2480 vetustate
659 2425 755 2480 militiae
767 2425 942 2489 exercitatum,
955 2427 985 2479 et

192 2494 308 2549 hostibus
319 2498 435 2558 indrebile.
447 2519 526 2568 parve
538 2505 611 2556 scuta
622 2505 648 2555 et
661 2519 775 2555 enormes
787 2500 884 2571 gladios
896 2517 987 2571 geren-

170 2567 270 2630 2tibus.
305 2571 373 2624 Nam
397 2573 578 2630 Britannorum
598 2576 676 2647 gladii
699 2577 753 2631 sine
773 2594 893 2631 mucrone
916 2593 987 2631 oom-

192 2643 295 2714 plexum
311 2662 437 2702 amonim
454 2653 480 2703 et
495 2651 521 2704 in
536 2660 625 2721 aperto
640 2670 751 2724 pugnum
766 2670 818 2708 non
833 2651 987 2711 tolerabant.
