2070 3204
92 391 119 432 Δ.
129 391 155 432 Β.
166 393 207 441 ⁶9¹]
280 327 536 382 HISTORIARUM
555 331 578 379 1.
596 330 700 382 64-67.
858 331 889 384 37

91 441 239 509 incesserat,
251 458 328 504 arma,
341 459 433 513 genua,
445 441 554 514 vestigia
565 440 708 512 prensando
718 440 813 496 flexere
824 439 890 494 mili-

91 521 149 572 turn
160 518 264 572 animm.
287 517 395 573 Addidit
407 519 503 574 Valens
514 524 632 573 trecenos
644 518 752 588 singulis
764 515 887 572 militibus
897 522 912 567 2

91 594 232 648 sestertios.
268 595 335 649 Tum
358 599 475 651 vetustas
494 595 656 666 dignitasque
675 595 779 649 colonia
798 593 885 658 valuit,

91 673 120 724 et
131 670 209 725 verba
220 670 293 725 Fabii
309 671 418 726 salutem
434 672 686 742 incolumitatemque
704 670 888 724 Viennensium

91 745 291 801 commendantis
309 748 387 818 equis
406 749 510 803 auribus
529 751 640 818 accepta.
677 746 783 800 Publice
801 750 911 800 tament

91 822 169 877 armis
181 823 289 888 multati,
307 825 414 894 privatis
426 828 453 879 et
469 824 619 895 promiscuis
636 823 715 893 copiis
724 823 813 892 juvere
825 821 888 876 mili-

90 901 153 953 tem.
190 899 241 953 Sed
258 900 325 953 fama
343 904 461 956 constans
478 901 528 954 luit
544 900 629 970 ipsum
644 899 780 952 Valentem
796 908 911 970 magnas

90 975 200 1046 pecunia
211 979 332 1046 emptum.
369 977 397 1030 Is
410 976 455 1031 diu
470 976 594 1042 sordidus,
608 979 713 1046 repente
725 975 795 1030 dives
807 979 887 1028 muta·

90 1051 189 1106 tionem
207 1051 317 1106 fortune
335 1052 400 1106 male
417 1053 530 1124 tegebat,
550 1053 661 1108 accensis
679 1056 794 1122 egestate
812 1051 888 1122 longa

91 1128 254 1198 cupidinibus
272 1128 462 1197 immoderatus,
480 1133 507 1184 et
527 1129 597 1199 inopi
611 1129 718 1199 juventa
736 1147 813 1182 senex
831 1145 887 1198 pro·
941 1141 945 1146 '

91 1205 176 1275 digus.
212 1205 297 1260 Lento
309 1205 400 1260 deinde
416 1205 517 1276 agmine
534 1223 580 1275 per
596 1205 659 1259 fines
675 1204 841 1275 Allobrogum
858 1217 910 1262 aas

92 1281 277 1336 Vocontiorum
301 1281 394 1336 ductus
418 1282 553 1347 exercitus,
578 1281 634 1352 ipsa
661 1281 780 1335 itinerum
805 1280 888 1350 spatia

92 1360 121 1413 ot
139 1358 289 1413 stativorum
308 1359 462 1412 mutationes
479 1357 627 1412 venditante
646 1357 717 1422 duce,
736 1355 809 1411 foedis
831 1374 887 1426 pao·

92 1434 206 1490 tionibus
224 1434 345 1490 adversus
363 1452 522 1506 possessores
540 1452 659 1505 agrorum
677 1437 703 1488 et
721 1433 887 1504 magistratus

92 1511 233 1576 civitatum,
247 1511 309 1566 adeo
320 1511 453 1566 minaciter
464 1515 494 1565 ut
506 1511 579 1565 Luco
597 1507 772 1580 (municipium
790 1508 816 1562 id
834 1509 887 1563 Vo-

92 1588 236 1644 contiomm
248 1589 308 1657 est‚)
322 1587 390 1643 iaces
408 1587 555 1651 admoverit,
570 1587 650 1642 donec
668 1586 776 1656 pecunia
787 1585 886 1656 mitiga·

92 1667 173 1719 retur.
210 1665 319 1724 Quoties
344 1665 458 1735 pecunia
481 1663 588 1718 materia
611 1663 719 1728 deesset,
739 1662 835 1733 stupris
859 1665 909 1719 etc
979 1675 983 1684 “

92 1740 224 1796 adulteriis
237 1741 397 1796 exorabatur.
435 1741 477 1796 Sic
490 1741 522 1795 ad
534 1741 613 1811 Alpes
626 1743 784 1811 perventum.

128 1817 190 1872 Plus
203 1817 330 1887 praedaene
340 1817 469 1887 sanguinis
480 1817 580 1872 Caecina
589 1817 682 1870 hausit.
718 1817 885 1870 Irritaverant
894 1823 931 1884 67

92 1893 223 1948 turbidum
241 1893 370 1964 ingenium
389 1893 511 1956 Helvetii,
532 1893 628 1947 Gallica
645 1911 715 1964 gens,
734 1892 793 1946 olim
810 1891 886 1945 armis

92 1969 211 2040 virisque,
231 1987 292 2023 mox
309 1969 430 2024 memoria
446 1969 555 2022 nominis
573 1969 648 2034 clara,
667 1968 698 2023 de
715 1967 782 2023 cede
800 1967 886 2022 Galbae

92 2045 175 2115 ignari
198 2050 225 2100 et
242 2045 342 2099 Vitellii
359 2045 491 2115 imperium
510 2044 657 2099 abnuentes.
681 2044 801 2098 ¹Initium
819 2042 908 2102 bello2

93 2119 143 2174 fuit
159 2121 265 2174 avaritia
281 2139 310 2174 ac
326 2121 457 2174 festinatio
475 2120 665 2174 unetvicesimae
683 2120 797 2190 legionis.
834 2120 885 2173 Ra·

93 2199 202 2263 puerant
220 2195 351 2264 peouniam
366 2196 469 2249 missam
481 2195 508 2248 in
524 2195 677 2266 stipendium
695 2196 799 2258 castelli,
818 2195 886 2264 quod

93 2269 153 2324 olim
171 2269 286 2323 Helvetii
304 2271 356 2323 suis
380 2268 503 2324 militibus
528 2289 557 2323 ac
581 2270 713 2340 stipendiis
738 2270 884 2325 tuebantur.

92 2345 173 2418 AEgre
185 2345 212 2400 id
223 2345 292 2416 passi
303 2345 424 2409 Helvetii,
437 2345 585 2414 interceptis
595 2345 708 2415 epistolis
720 2363 776 2416 quae
785 2347 906 2404 nominet

93 2421 237 2477 Germanici
249 2421 376 2476 exercitus
389 2419 420 2474 ad
432 2419 590 2476 Pannonicas
605 2421 717 2492 legiones
729 2421 883 2490 serebantur,

92 2499 266 2554 centurionem
279 2502 305 2552 et
318 2497 440 2568 quosdam
452 2497 561 2552 militurn
570 2499 598 2552 in
607 2499 723 2553 custodia
731 2499 882 2555 retinebant.

93 2575 194 2645 (lecina
205 2575 264 2630 belli
276 2573 365 2629 avidus
381 2575 524 2644 proximam
543 2593 669 2647 quamque
687 2575 794 2647 culpam,
814 2582 907 2638 ante-n

92 2669 168 2722 quam
191 2653 332 2722 paeniteret,
355 2650 439 2704 ultum
462 2650 523 2706 ibat.
563 2653 639 2706 Mota
661 2671 768 2724 propere
792 2657 882 2718 eastra,

91 2729 186 2784 vastati
204 2729 265 2799 agri,
285 2728 399 2798 direptus
417 2729 493 2800 longa
510 2747 572 2800 paco
589 2731 617 2784 in
632 2730 735 2785 modum
753 2731 884 2800 municipii

91 2809 238 2860 exstructus
256 2805 334 2872 locus,
353 2823 450 2860 amoeno
468 2806 607 2868 salubrium
625 2825 747 2877 aquarum
765 2825 815 2860 usu
835 2807 883 2860 fre-

93 2897 181 2952 quens.
217 2881 294 2937 Missi
312 2881 344 2936 ad
361 2881 465 2938 Raetica
480 2882 574 2938 auxilia
591 2883 683 2948 nuntii,
702 2885 733 2937 ut
750 2898 837 2938 versos
856 2880 909 2938 ino.
