2096 3038
71 205 91 240 a
110 202 129 240 D
145 201 187 249 69]
211 137 496 216 Ι,ΗΙετοιιΙΑΙιωΑ
512 137 563 186 111.
581 137 683 184 88-41.
813 136 859 182 rar

11 239 18 280 ¹
71 251 183 305 Blaesum
194 249 304 305 visendo.
318 253 323 260 ‘
342 250 412 310 Quin
424 253 450 305 et
463 249 550 304 audita
561 249 602 303 est
614 245 751 301 sevissima
761 243 873 301 Vitellii·

10 307 17 374 ζ’
71 344 129 390 vox,
149 344 198 396 qua
215 343 243 379 se
262 325 329 398 (ipsa
345 328 413 380 enim
430 325 507 381 verba
522 323 648 391 referam)
661 321 760 392 pavisse
775 319 861 376 corilos

10 383 16 420 ³
72 406 187 472 spectata
210 401 305 456 inimici
328 405 409 456 morte
430 402 544 473 jactavit.
579 399 671 463 Bloeso,
693 415 769 468 super
792 396 886 452 olari-B

10 461 16 498 ι
71 481 152 534 tatem
169 477 292 532 natalium
310 481 336 532 et
354 477 505 548 elegantiam
523 495 629 540 morum,
648 474 707 528 fidei
725 473 863 528 obstinatio

10 539 15 576 ⁵
72 553 131 608 fuit.
167 554 283 624 Integris
301 571 401 624 quoque
418 553 502 618 rebus,
517 571 532 606 a
549 552 651 608 Coec'irra
668 553 694 605 et
712 548 866 620 primoribus

10 617 15 652 '
73 630 192 702 partium,
201 632 255 699 jam
266 629 399 686 Vitellium
412 629 613 700 aspernantibus,
626 626 744 690 ambitus,
754 625 866 680 abnuere

10 693 13 728 ¹
73 705 252 776 perseveravit.
301 706 421 770 Sanctus,
437 704 591 768 inturbidus,
617 702 711 757 nullius
739 700 889 771 repentinis

10 769 13 804 ¹
74 781 183 846 honoris,
197 781 259 836 adeo
271 799 323 834 non
331 781 487 851 principatus
499 785 627 850 appetens,
639 796 730 849 parum
741 777 869 849 affligeret

10 847 11 880 ¹
74 875 107 912 ne
120 857 211 927 diguus
223 853 377 911 crederetur.

10 949 11 952 ’
110 932 205 986 Fabius
217 931 319 986 interim
330 931 433 997 Valens,
446 932 527 986 multo
542 948 571 986 ae
587 929 656 986 molli
668 929 865 986 concubinarum
874 925 916 994 40.

76 1007 266 1078 spadonumque
278 1007 378 1076 agmine
390 1008 493 1076 segnius
502 1025 577 1078 quarn
589 1007 621 1060 ad
633 1006 727 1062 bellum
738 1006 865 1072 incedens,

78 1082 208 1152 proditam
225 1101 241 1136 a
257 1083 357 1137 Lucilio
374 1083 455 1138 Basso
474 1085 647 1138 Ravennatem
664 1082 769 1138 classem
786 1082 867 1151 perui·

77 1158 150 1214 cibus
162 1157 258 1212 nuntiis
276 1159 380 1228 accepit.
396 1197 398 1203 -
416 1159 452 1213 Ilt
469 1159 490 1214 si
504 1162 614 1229 ooeptum
633 1158 683 1212 iter
699 1157 895 1227 properasse,

76 1237 211 1290 nutantem
224 1234 348 1289 Caecinam
360 1235 497 1304 praevenire
509 1239 553 1289 aut
563 1237 621 1288 ante
633 1233 768 1288 discrimen
776 1250 867 1303 pegma

77 1310 179 1380 assequi
190 1310 302 1380 legiones
314 1310 447 1380 potuisset.
483 1311 540 1365 Nec
552 1310 656 1366 deerant
668 1309 711 1380 qui
729 1314 868 1377 mouerent,
876 1314 897 1366 8.

76 1390 107 1440 ut
120 1405 178 1441 cum
190 1387 317 1441 fidissimis
325 1405 370 1457 per
381 1387 494 1442 occultos
506 1385 629 1451 tramites,
643 1386 724 1440 vitata
735 1386 868 1450 Muenna,

76 1462 215 1518 Hostiliam
235 1462 415 1518 Cremonamve
436 1466 560 1534 pergeret.
596 1461 667 1516 Aliis
682 1461 806 1532 placebat,
830 1478 872 1515 ao*

78 1539 135 1594 citis
156 1557 188 1592 ex
208 1538 271 1593 mbo
291 1539 416 1608 praetoriis
438 1538 592 1603 cohortibus,
614 1537 697 1594 valida
716 1557 793 1592 mauu
813 1553 870 1608 per·

78 1633 203 1684 rumpere.
228 1615 296 1684 Ipse,
310 1615 394 1670 inutili
406 1616 573 1680 cunctatione,
584 1615 675 1686 agendi
686 1619 801 1685 tempora
812 1619 894 1668 con-4

79 1689 196 1744 sultando
211 1691 393 1761 consumpsit:
429 1710 488 1746 mox
512 1695 651 1762 utrumque
675 1691 808 1746 consilium
832 1708 870 1744 as·
892 1731 901 1756 ⁵.

79 1769 208 1837 pernotus,
229 1766 309 1836 (quod
326 1767 531 1838 inter-ancipitia
548 1767 714 1822 deterrimum
732 1769 792 1838 est)
809 1765 878 1822 dum:

79 1841 163 1896 media
174 1842 297 1910 sequitur,
310 1860 357 1896 neo
367 1861 443 1897 ausus
453 1847 493 1897 est
502 1843 564 1896 satis
573 1861 620 1896 neo
628 1841 747 1912 providit.

115 1916 205 1970 Missis
214 1915 246 1968 ad
255 1916 386 1970 Vitellium
396 1917 476 1972 literis
485 1917 735 1987 auxiliumpostulat.
772 1921 916 1982 Venerem

80 1996 134 2046 tres
153 1991 268 2045 cohortes
287 2009 344 2046 eum
361 1992 400 2046 ala
416 1993 570 2060 Britannica,
588 2009 670 2062 neque
687 1994 720 2048 ad
735 1994 872 2056 fallendum

82 2071 157 2138 aptus
175 2083 296 2120 numerus
313 2085 395 2138 neque
419 2068 451 2122 ad
474 2067 666 2137 penetrandum.
704 2069 754 2132 Sed
776 2069 897 2128 Valeriae
911 2111 929 2144 q,

81 2162 114 2198 ne
137 2143 178 2197 in'
194 2145 267 2196 tanto
291 2142 403 2212 quidem·
416 2143 558 2198 discrimine
582 2143 686 2198 infamia
708 2144 797 2208 caruit,
823 2161 873 2214 quo

83 2219 168 2273 minus
187 2235 276 2287 rapere
293 2218 394 2273 illicitas
411 2219 563 2289 voluptates,
579 2219 760 2290 adulteriisque
776 2237 805 2274 ac
821 2224 846 2274 st
864 2253 881 2266 ··

82 2295 135 2367 pris
161 2293 274 2364 polluere
300 2294 429 2365 hospitum
457 2295 546 2350 domus
572 2295 724 2350 crederetur.
760 2295 883 2352 Aderant·

83 2372 121 2426 vis
147 2373 173 2425 et
197 2370 305 2439 pecunia
328 2374 354 2425 ct
377 2371 475 2426 ruentis
498 2372 606 2426 fortuma
630 2372 766 2428 novissima
788 2373 874 2428 libido.

83 2447 204 2502 Adventu
222 2447 323 2501 demum
339 2446 453 2517 peditum
471 2447 634 2518 equitumque
650 2449 761 2519 pravitas
778 2449 899 2511 consiliis

84 2524 175 2594 patuit,
195 2523 255 2594 quia
271 2541 319 2576 neo
336 2523 427 2578 vedere
451 2541 497 2593 per
516 2524 602 2590 hostes
622 2529 676 2580 tam
699 2544 777 2596 parva
799 2545 877 2582 uranu
902 2561 910 2599 .‘

84 2603 192 2668 poterat,
212 2600 289 2654 ctiam
310 2598 333 2652 si
353 2599 475 2654 fidissima
494 2600 568 2668 foret,
586 2619 633 2656 neo
653 2601 780 2674 integram
801 2602 876 2658 fidem

84 2673 230 2728 attideraut.
267 2673 355 2730 Pudor
366 2679 452 2732 tamen
464 2679 490 2730 et
502 2679 634 2747 praesentis
646 2678 718 2734 ducis
729 2675 883 2742 'reverentia¹

108 2761 166 2800 rae,
176 2762 232 2792 uon.
243 2763 272 2794 ιι.
471 2760 492 2800 x
