2104 3022
283 129 332 178 DE
351 127 578 178 ouauoulnus
599 129 699 178 le-le,

837 127 886 176 297

92 259 149 312 quse
167 243 194 296 et
211 241 343 312 ingenium
361 241 432 296 alunt
447 245 475 296 et
491 239 640 296 eruditionis
656 257 686 294 ac
700 238 832 294 literarum
835 255 886 370 (pp

91 317 273 374 eundiseimum
294 317 508 373 oblectamentum
526 335 585 372 cum
605 316 685 385 vobis,
706 315 750 387 qui
768 315 812 370 ifle
854 315 859 327 ‘

90 395 196 466 putatia,
215 395 333 461 uffenunt,
351 398 407 450 tum
422 395 499 450 etiem
513 395 546 450 iis
560 393 593 450 ed
610 412 720 466 quorum
736 411 810 448 aurea
828 411 885 464 pen·

90 472 215 527 venerint.
251 472 343 544 Itaque
355 472 439 528 hercle
450 489 502 527 non
512 473 599 528 minua
611 470 713 543 probari
723 469 797 526 rideo
809 469 836 524 in
847 473 910 536 tet

91 547 215 614 Secunde,
233 549 302 620 quod
318 548 383 603 Julii
400 549 507 604 Asiatici
521 549 603 604 ritum
619 546 794 619 componendo
812 563 884 617 apem

90 623 233 680 bominibus
247 625 332 681 iecisti
348 626 459 697 plurium
475 624 599 697 ejusmodi
615 624 745 691 librorum,
765 641 841 696 quum
856 623 883 678 in
979 657 980 665 κ

9 723 10 734 ’
88 702 169 771 Apro,
187 701 256 773 qnod
273 701 385 757 nondum
408 701 441 757 ab
464 701 621 758 scholasticis
639 700 819 758 controversiis
842 717 883 756 ne-

9 769 10 812 1
89 778 173 843 cessit,
186 782 213 833 et
230 778 312 833 otium
326 795 401 833 suum
415 778 512 832 msvult
528 795 652 834 nouorum
666 778 798 834 rhetorum
811 794 882 832 mone

89 871 164 924 quem
176 859 292 909 veterum
303 859 434 910 orstornm
445 855 621 908 consumere.”

123 931 188 984 l'nm
200 931 277 1001 Aper,
290 934 305 961 “
313 930 373 985 Non
386 929 487 997 desinis,
499 928 618 993 Measaln,
631 931 719 984 uetere
734 931 837 983 tuntum
851 932 879 984 et
892 935 928 990 15

87 1006 192 1077 antiqua
203 1006 296 1073 mirari,
308 1009 453 1060 nostrorum
469 1008 555 1059 eutem
571 1007 715 1075 temporum
727 1004 812 1058 studia
823 1005 881 1058 irri-

87 1080 147 1136 dere
166 1086 244 1153 atque
264 1082 445 1138 contemneret
463 1081 532 1135 Nam
550 1081 619 1134 hunc
641 1084 716 1135 tuum
736 1095 882 1148 sermonem

86 1174 154 1226 sepe
165 1158 261 1228 excepi,
275 1175 340 1222 cum,
354 1157 448 1212 oblitus
459 1161 487 1214 et
500 1159 553 1212 tuae
570 1160 597 1211 et
609 1155 697 1210 fratris
709 1155 749 1210 tui
760 1155 878 1227 eloquen-

86 1232 136 1299 tie,
148 1233 273 1288 neminem
285 1233 333 1288 hoa
350 1235 464 1303 tempore
481 1236 608 1287 oratorem
623 1249 679 1287 ease
696 1231 878 1302 contendereag

9 1355 14 1376 ,
85 1311 162 1379 atque
181 1309 209 1364 id
232 1327 270 1376 eo,
292 1308 375 1374 oredo,
397 1308 524 1374 eumuna,
546 1307 614 1380 quod
636 1308 802 1380 malignitatis
825 1309 881 1380 cpi·

8 1389 11 1400 ²
85 1385 185 1440 nionem
197 1403 249 1441 non
262 1385 397 1452 vereberis,
409 1403 469 1441 aum
483 1402 540 1440 eam
558 1384 672 1457 glorium,
685 1403 762 1457 quana
776 1384 825 1440 tibi
837 1385 880 1440 alii

85 1461 235 1531 concedunt,
246 1462 301 1534 ipae
312 1463 361 1519 tibi
372 1461 535 1534 denegares.’'

119 1539 236 1612 “Neque
256 1539 350 1606 illiua,’'
369 1539 460 1612 inquit,
474 1538 620 1594 “sermonis
640 1539 691 1595 mei
706 1539 903 1610 penultimo

85 1632 140 1686 ego,
152 1634 235 1687 neque
247 1621 292 1672 aut
305 1617 449 1673 Secundum
462 1619 508 1670 ant
520 1615 670 1671 Maternum
686 1619 731 1671 eut
747 1617 877 1689 teipsum,

83 1692 162 1762 Aper,
171 1711 316 1765 quanquam
327 1693 456 1749 interim
467 1693 495 1747 in
507 1693 663 1748 contrarium
674 1693 796 1764 disputes,
806 1694 880 1750 uliter

84 1769 178 1824 aenhrc
190 1769 273 1825 credo
302 1772 342 1826 Ac
353 1771 429 1826 velim
440 1770 605 1840 impetratum
617 1769 649 1824 ab
661 1769 745 1842 uhquo
756 1775 878 1840 vestrum,

83 1848 113 1899 ut
125 1863 214 1901 causes
226 1846 303 1918 hujus
315 1847 420 1902 infinite
431 1845 580 1914 differentiae
595 1849 727 1900 scrutetur
737 1863 768 1900 sc
776 1845 876 1911 reddm,

83 1939 146 1992 ques
163 1941 263 1978 mecum
280 1924 335 1994 ipae
352 1924 501 1994 plerumque
518 1920 648 1990 conquiro.
684 1921 721 1975 Et
737 1921 805 1990 quod
821 1922 901 1992 qui-³

82 1997 188 2054 busdam
201 1999 291 2054 solatio
309 2003 357 2066 eat,
374 1998 437 2054 mihi
452 2000 530 2070 auget
546 1995 718 2067 questionem,
732 1995 791 2066 quie
802 1996 876 2052 video

82 2075 158 2130 etiam
171 2076 253 2130 Graiis
269 2076 397 2142 accidisse,
409 2077 439 2129 nt
450 2073 552 2144 longius
568 2071 634 2127 absit
645 2071 767 2126 AEechine
779 2076 805 2127 et
823 2073 876 2128 De-

81 2153 213 2208 mosthene
231 2152 347 2208 eeoerdoa
362 2151 413 2208 iate
428 2149 542 2216 Nicetes,
560 2153 586 2204 ct
603 2148 625 2203 ai
641 2149 698 2219 qnia
713 2147 777 2202 aliua
788 2149 875 2219 Ephe-

81 2247 138 2284 sum
149 2229 190 2285 vel
202 2229 340 2301 Mytilenae
359 2232 485 2284 concentu
504 2225 712 2283 scholasticorum
724 2228 751 2279 et
762 2225 875 2281 clamori·

81 2304 128 2361 baa
146 2307 237 2378 quatit,
258 2324 334 2377 quam
354 2307 419 2360 Afer
440 2312 485 2360 snt
506 2303 641 2359 Africanus
663 2304 708 2357 aut
728 2319 774 2359 voe
794 2302 876 2373 ipaie

81 2381 202 2438 Cicerone
214 2387 259 2438 ant
271 2382 360 2438 Aninio
373 2379 541 2437 recessistis.’'

115 2459 285 2531 “Magnam”
304 2459 388 2530 inquit
410 2457 549 2522 Secundus,
569 2457 620 2510 “et
641 2454 744 2526 dignum
762 2458 875 2512 tractatu
886 2461 921 2516 16

80 2536 244 2605 questionem
259 2535 369 2592 mouisti.
406 2535 457 2590 Sed
477 2534 534 2606 quia
552 2551 608 2588 eam
623 2531 719 2603 justius
740 2533 876 2604 explicabit

79 2627 155 2682 quum
167 2616 205 2678 tu,
218 2611 251 2666 ed
262 2615 336 2682 cujus
353 2629 477 2666 summum
489 2609 658 2665 eruditionem
675 2612 702 2665 et
717 2611 875 2680 prestantia-

8 2717 9 2744 l
80 2688 171 2744 cinnum
183 2689 315 2760 ingenium
325 2704 388 2744 cara
398 2705 500 2760 qnoque
511 2690 538 2742 et
550 2685 683 2743 meditatio
694 2686 801 2743 accessit
808 2687 837 2742 t”
