2070 3204
150 138 182 186 co
485 139 607 188 Tuom
1005 174 1006 178 ,

797 201 831 249 [Δ.
838 199 945 241 Imm.
1005 203 1006 206 ’

151 247 280 318 exciperet
297 251 387 304 eontra
404 251 540 306 veteranus
559 250 638 316 miles,
656 247 732 305 simul
748 267 764 304 a
780 248 860 305 latere
878 250 948 305 saxia
1006 248 1007 252 ’

152 329 256 396 urgeret
268 332 328 395 apte
337 325 369 380 ed
378 326 523 396 jaciendum
535 327 613 382 etium
625 345 781 398 paganorum
793 345 891 391 manua,
905 325 951 397 qui

153 402 235 472 sparsi
246 401 313 457 inter
324 402 425 468 milites,
439 403 538 458 streuui
553 403 697 475 ignavique,
716 402 744 458 in
759 401 867 458 victoria
881 402 951 458 idem

130 477 289 536 taudehant
327 478 439 534 ndum
460 479 584 552 perculsis
602 483 687 534 terror
705 479 807 534 invecta
830 479 858 532 in
877 485 953 549 terga
1010 541 1011 544 Ἰ

155 554 323 626 pugnantium
347 555 435 611 classe.
479 557 524 611 Ita
546 555 660 628 undique
686 555 781 622 clauai;
811 554 953 626 deletaeque

155 649 242 686 onmes
257 631 336 703 copim
353 632 445 698 forent,
462 633 491 687 ni
506 633 629 688 victorem
647 633 787 688 exereitum
803 632 953 687 attinuisset

46 705 49 720 '
110 707 293 764 ltohaourum
304 709 395 774 noctis,
408 708 527 765 obtentui
538 709 705 782 fugientibus.
742 709 800 764 Nee
811 707 952 774 Vitelliani,

156 803 300 856 quanquam
324 785 393 850 victi,
418 787 544 857 quievere.
588 786 687 842 Accitis
711 785 812 840 auxiliis
836 803 955 840 securum

156 861 256 916 hostem
269 880 298 916 ae
310 880 431 918 successu
442 881 528 918 rerum
540 863 672 919 socordius
690 865 809 934 agentem
820 861 953 917 invadunt.

134 937 224 995 acesi
241 937 338 1010 vigiles,
357 944 479 1011 perrupto
498 944 590 1004 eastra,
607 938 765 1010 trepidatum
783 937 851 1008 apud
867 955 954 1004 naves,

158 1013 245 1083 donec,
262 1015 361 1070 sidente
377 1016 499 1086 paulatim
515 1022 595 1084 metu,
607 1019 732 1086 occupato
748 1015 824 1086 juxta
838 1014 901 1070 colle
913 1014 956 1070 de·

136 1090 232 1158 sienni,
245 1109 305 1147 mox
322 1091 444 1164 inopere.
480 1093 517 1147 At
505 1096 565 1147 trcx
586 1092 622 1147 ibi
640 1091 730 1157 cades,
749 1095 776 1146 et
793 1091 957 1162 Tungrarum

158 1168 301 1224 cohortium
313 1169 435 1239 praefect',
419 1188 427 1223 r
446 1172 575 1224 sustentat
563 1168 648 1224 tediu
660 1168 721 1234 acie,
732 1167 790 1222 talia
802 1166 955 1222 obruuntur.

159 1245 202 1301 Ne
213 1246 366 1300 Othonianis
379 1245 481 1317 quidem
497 1246 631 1301 incruenta
648 1245 701 1334 ιιοι
702 1245 756 1300 oria
773 1244 831 1310 tuit,
848 1261 958 1315 quornm
1020 1274 1021 1302 ι

159 1321 299 1392 improvide
329 1328 431 1377 secutos
459 1323 576 1378 conversi
602 1322 702 1377 enites
726 1321 957 1376 circumvenerunt.

136 1399 200 1452 4Ac
220 1397 290 1451 velut
311 1398 392 1467 paotia
415 1399 532 1465 induciis,
553 1417 586 1454 ne
653 1398 776 1454 eolesam
796 1397 855 1453 inde
878 1415 958 1469 aquea

161 1473 272 1528 suhitam
284 1472 442 1530 formidinem
461 1475 593 1544 inferrent,
611 1475 746 1530 Vitelliani
761 1478 831 1530 retro
848 1474 959 1545 Antipo-

161 1549 206 1605 lim
222 1549 396 1605 Narbonensis
413 1551 500 1607 Galliae
518 1552 749 1623 municipiumt
712 1551 853 1607 Othoniani
870 1550 959 1606 Albin-

162 1645 274 1698 genuum
286 1626 414 1682 interimis
427 1628 541 1699 Liguria
553 1633 691 1685 revertere.

117 1714 153 1767 16
198 1703 327 1758 Corsicam
350 1721 380 1759 ac
404 1705 545 1760 Sardiniam
569 1711 726 1777 caeterasque
749 1704 860 1776 proximi
882 1703 961 1759 maria

162 1779 259 1834 irrauias
270 1780 338 1834 fama
349 1781 462 1836 victricio
473 1781 562 1837 classis
575 1782 602 1836 in
614 1781 731 1854 pnrtihua
745 1781 855 1836 Othonia
866 1781 960 1835 tenuit.

164 1856 215 1912 Sed
227 1855 356 1912 Corsicam
368 1875 447 1929 prope
459 1857 548 1912 afflixit
556 1858 665 1914 Decumi
677 1857 777 1914 Pacarii
789 1857 962 1929 procuratoris

163 1934 302 2001 temeritas,
323 1937 396 1990 tanta
414 1934 480 1990 mole
498 1935 558 1990 beili
575 1935 639 1990 nihil
656 1935 684 1990 in
702 1953 803 1990 summa
819 1934 963 2006 profutura,

140 2011 213 2083 2ipsi
230 2011 344 2068 exitiosa.
382 2012 500 2083 Namque
518 2012 630 2068 Othonis
647 2010 706 2066 odio
718 2012 809 2083 juvare
827 2009 964 2066 Vitellium

164 2089 302 2146 Corsorum
321 2089 417 2146 viribus
435 2088 536 2157 statuit,
557 2088 626 2143 inani
646 2089 751 2154 anxilio,
769 2088 847 2143 etiam
865 2087 888 2142 ei
904 2103 965 2158 pro-

164 2168 283 2223 venisset.
319 2167 426 2222 Vocatia
442 2165 600 2238 principibus
615 2164 705 2221 insulae
722 2163 857 2221 consilium
873 2163 964 2234 aperit,

164 2247 192 2297 et
200 2247 289 2298 eontra
300 2242 384 2298 dicere
395 2261 479 2307 ausos,
488 2241 624 2297 Claudium
637 2241 790 2312 Pyrrhioum
798 2239 968 2296 trierarchum

165 2317 361 2372 Liburnicarum
381 2318 417 2372 ibi
435 2319 545 2383 navium,
568 2318 706 2378 Quintium
726 2318 833 2374 Certum
852 2315 968 2388 equitem

142 2393 319 2458 eananum,
345 2393 455 2447 interfici
476 2393 558 2464 jubet.
604 2395 719 2460 Quorum
742 2397 825 2450 morte
848 2392 970 2448 exterriti

166 2469 210 2539 qui
222 2470 334 2533 aderant,
348 2467 424 2522 simul
434 2469 524 2540 ignara
535 2473 562 2525 et
574 2469 649 2528 alieni
660 2475 744 2528 metua
757 2471 826 2526 socia
837 2470 970 2540 imperito-

142 2557 224 2603 rrum
234 2544 318 2610 turha,
327 2545 354 2600 in
365 2544 443 2600 verba
450 2545 550 2601 Vitellii
558 2547 684 2618 juravere.
723 2547 775 2604 Sed
786 2547 831 2604 ubi
839 2546 971 2602 delectum

166 2641 242 2694 agere
259 2623 380 2677 Pacarius
399 2626 426 2676 et
445 2623 589 2678 inconditos
606 2623 723 2679 homines
742 2624 852 2696 fatigare
870 2621 972 2680 militiae

166 2700 314 2756 muneribus
325 2698 432 2770 aceepit,
442 2697 554 2754 laborem
562 2699 693 2754 insolitum
702 2701 787 2771 perosi
795 2699 974 2756 infirmitatem
