2096 3038
83 217 117 256 Ἃ,
128 213 206 264 Dm
283 154 535 203 HISTORIARUM
552 154 588 202 11.
609 152 711 204 75-78.
852 157 883 204 93

87 265 224 319 ministrat.
261 265 369 336 Siquid
392 265 489 320 ardoris
513 283 542 320 ac
566 265 666 320 ferocire
690 264 761 320 miles
785 263 883 330 habuit,

87 342 187 412 popinis
200 345 226 396 et
235 341 454 397 comissationibus
466 347 492 397 et
504 341 625 413 principis
637 341 778 396 imitatione
791 340 885 396 deteri-

79 423 139 472 ·tur.
176 417 233 472 Tibi
245 437 259 472 e
271 419 288 472 J
289 418 361 473 udaea
372 422 399 473 et
412 419 485 490 Syria
496 423 522 473 et
535 419 649 490 AEgypto
663 435 754 472 novem
772 418 909 488 legiones9

79 495 203 564 integra,
221 495 291 549 nulla
308 495 360 550 acie
379 496 515 560 erhamtar,
535 513 586 549 non
605 494 730 550 discordia
750 499 883 566 corrupta,

88 571 133 626 aed
145 572 260 626 linuatus
277 590 327 626 usn
341 573 420 637 miles,
441 576 467 627 et
485 572 544 627 belli
560 572 671 626 domitor
686 572 802 637 externi;
822 572 885 626 clas·

88 648 163 711 sium,
173 647 276 713 alarum,
287 649 429 703 cohortium
439 649 537 712 robora,
545 653 571 703 et
584 648 699 702 fidissimi
711 667 791 719 roges,
801 653 827 702 et
840 653 886 702 tua

89 728 148 778 ante
170 743 256 779 omnes
278 725 442 795 experientia.
486 725 568 780 Nobis
587 725 650 779 nihil
669 725 738 779 ultra
754 725 884 796 arrogabo‚
896 725 931 784 77

79 819 164 870 ¹quam
180 819 213 855 ne
229 805 287 871 post
303 801 437 856 Valentem
453 806 479 856 et
493 803 618 857 Caeciuam
635 820 805 856 numeremur.
844 803 884 857 Ne

80 880 174 931 tamen
191 877 339 932 Mucianum
357 879 453 934 socium
471 880 603 949 spreveris
624 879 683 948 quia
698 878 816 932 aemulum
833 897 884 932 non

88 953 217 1024 experiris.
254 955 299 1008 Me
308 955 411 1010 Vitellio
427 961 562 1026 antepono,
576 959 602 1010 te
618 955 689 1009 mihi.
725 955 786 1009 Tuoe
799 954 908 1010 domuit

88 1030 241 1100 triumphale
267 1048 368 1094 nomen,
392 1031 443 1086 duo
464 1032 578 1102 juvenes,
607 1049 687 1101 capax
707 1031 759 1100 jam
785 1031 885 1098 imperii

82 1106 160 1170 alter,
177 1110 204 1160 et
215 1107 303 1177 primia
319 1107 414 1162 militiae
431 1108 504 1162 annis
519 1106 587 1177 apud
602 1107 764 1160 Germanicos
782 1123 884 1176 quoquc

81 1182 216 1236 ,exereitus
244 1181 333 1237 claros.
374 1183 522 1238 Absurdum
546 1183 623 1236 luerit
647 1201 699 1236 uon
727 1180 815 1236 cedere
839 1182 883 1236 im-

81 1259 159 1328 perio
180 1258 211 1323 ei,
231 1259 305 1329 cujus
328 1259 407 1314 filium
429 1260 595 1330 adoptaturus
615 1277 703 1324 essem,
726 1257 748 1312 si
767 1258 821 1328 ipsc
838 1257 886 1313 irn-

89 1353 210 1406 perarem.
247 1335 373 1390 Goetcrum
392 1337 459 1391 inter
484 1353 600 1390 noanon
621 1335 688 1390 idem
706 1343 906 1406 prosperarent

78 1410 300 1482 adversarumque
323 1431 409 1467 rerum
433 1411 495 1466 ordo
518 1412 574 1467 erit.
612 1412 680 1466 Nam
707 1411 881 1487 silvinoimuss

88 1487 209 1542 honorem
227 1506 302 1558 quern
320 1488 418 1544 dederis
436 1488 548 1544 habebo:
573 1489 707 1544 discrimen
725 1506 754 1544 ac
772 1488 883 1559 pericula

79 1582 120 1618 ¹eu
138 1582 210 1635 equo
229 1565 361 1634 patiemur.
397 1565 488 1630 Immo,
511 1572 541 1620 ut
559 1565 649 1620 melius
668 1568 715 1630 est,
735 1568 794 1620 tuos
812 1583 882 1620 exer·

79 1641 155 1696 citus
176 1659 244 1713 rege,
269 1642 331 1696 mihi
354 1641 447 1697 bellum
466 1650 493 1698 ct
517 1643 659 1714 praeliorum
680 1643 777 1698 incerta
800 1641 880 1697 trade.

86 1719 194 1772 Acrioro
223 1717 298 1773 hodia
321 1718 453 1790 disciplina
477 1720 537 1775 victi
560 1738 636 1791 quam
659 1719 768 1774 victores
793 1724 906 1790 agunta

86 1793 146 1848 Hos
158 1795 202 1862 ira,
216 1794 308 1860 odium,
322 1795 425 1850 ultionis
435 1797 560 1868 cupiditas
572 1796 605 1850 ad
616 1797 738 1851 umntcm
748 1795 879 1850 accondit:

79 1867 124 1922 >ini
142 1887 187 1939 per
203 1869 333 1924 fastidium
347 1876 374 1926 et
392 1875 574 1928 contumaciam
592 1872 739 1927 hebescunt.
775 1873 880 1942 Aperiat

78 1950 114 2000 ‘et
126 1945 240 2000 recludet
256 1952 373 2003 contecta
388 1953 415 2004 et
433 1949 601 2004 tumescentia
615 1949 757 2002 victricium
769 1949 879 2017 partium

79 2021 192 2076 ‘uulnera
204 2022 297 2078 bellum
308 2024 400 2095 ipsum.
436 2025 493 2080 Nec
507 2025 569 2078 mihi
584 2025 663 2092 major
674 2023 701 2076 in
718 2027 764 2076 tua
775 2023 904 2092 vigilan-5

78 2097 131 2162 tia,
152 2099 311 2168 parsimonia,
328 2101 458 2172 sapientia,
477 2099 570 2154 fiducia
587 2103 626 2152 est
645 2116 721 2168 quam
739 2098 766 2152 in
783 2098 880 2152 Vitellii

79 2177 199 2244 torpore,
206 2175 312 2240 inscitia,
324 2177 427 2232 saevitia.
459 2175 515 2230 'Sed
527 2174 655 2228 meliorem
667 2173 766 2228 inbello
779 2191 879 2227 causam

76 2269 164 2321 cquam
180 2252 207 2306 in
225 2271 286 2323 pace
301 2253 438 2308 habemus:
457 2271 516 2306 nam
537 2251 581 2322 qui
600 2249 747 2314 deliberant,
769 2249 880 2306 descive-

84 2329 174 2382 rnnt.'’
223 2329 285 2384 Post
315 2329 432 2384 Muciani
461 2328 600 2383 orationem
630 2326 715 2382 caeteri
745 2325 927 2391 audentius78

77 2403 281 2472 *circumsistere
312 2406 416 2470 hortari,
447 2422 570 2475 responsa
597 2408 685 2459 votum
713 2409 739 2457 ct
769 2401 879 2458 siderum

77 2485 173 2556 motus
185 2481 287 2537 referre.
324 2483 380 2537 Nec
393 2486 447 2537 erut
459 2483 572 2538 intactus
584 2482 630 2537 tali
648 2479 835 2552 superstitione,
849 2485 904 2536 ut2

85 2558 132 2628 qui
144 2575 211 2624 mox,
224 2577 309 2614 rerum
321 2559 446 2625 dominus,
460 2559 593 2615 Seleucum
603 2557 736 2630 quemdam
743 2557 880 2611 mathema-

77 2635 175 2698 ·tioum,
188 2638 312 2690 rectorem
324 2639 350 2690 et
359 2637 490 2705 praescium
500 2635 582 2706 palam
594 2634 718 2690 habuerit.
755 2633 879 2687 Recuma

77 2709 149 2765 bant
169 2711 253 2765 animo
273 2715 360 2767 vetera
378 2712 468 2768 omina.
506 2712 648 2782 Cupressus
669 2710 743 2765 arbor
761 2709 789 2763 in
812 2706 905 2776 agust
