2086 3026
177 146 226 196 224
515 143 639 194 rsolrl

815 204 980 256 [euerso.

156 256 280 314 sumtu.
316 255 405 312 Minor
419 256 508 312 temen
525 272 602 327 quum
619 271 667 326 pro
682 253 799 310 tumultu
814 255 905 324 modes,
922 257 985 328 quie

177 351 230 390 nou
251 333 307 390 ensi
332 331 419 405 egredi
439 331 560 404 peludem
584 331 705 388 Germani
722 331 752 387 in
770 333 855 388 eastre
873 331 984 390 rediere.

177 411 244 484 Ejus
264 409 346 482 prelii
363 411 470 466 eventus
493 410 635 479 utrumque
655 407 754 474 duoem,
773 407 880 464 diversis
904 409 985 465 enimi

178 487 299 553 motibus,
315 485 348 542 ed
366 484 546 541 maturandum
561 503 667 540 summe
682 484 719 540 rei
739 485 875 540 discrimen
890 485 984 542 erexit.
1035 533 1036 536 ,

156 564 266 620 ecivilis
289 563 386 618 instare
409 561 529 628 fortune,
555 561 662 616 Cerialis
688 561 790 618 abolere
807 561 983 632 ignominium.

179 639 300 695 Germani
311 637 440 709 prosperis
452 638 565 706 feroeee;
578 638 710 694 Romanos
719 637 802 710 pudor
813 638 983 694 excitaverat.

179 716 242 771 Nox
257 714 325 786 epud
336 713 458 770 berberos
470 719 548 770 eentu
559 717 606 770 eut
617 714 735 784 elamore,
747 714 843 770 nostris
855 733 901 786 per
917 716 984 771 irem

135 792 207 851 loeo
226 792 308 848 minos
327 794 393 848 eote.
429 792 540 848 Postero
562 791 620 848 luee
635 791 742 848 Cerialis
761 791 849 863 equite
868 795 896 847 et
913 792 985 848 euxi-

179 870 258 928 liuriio
279 869 429 926 eohortibns
450 869 563 926 frontem
581 869 683 940 explet3
701 869 730 926 in
746 869 859 926 seeundo
877 870 933 926 uoie
947 870 984 926 le·

179 948 271 1019 giones
288 947 394 1014 looetae3
412 945 466 1002 dux
484 945 534 1001 sibi
551 945 664 1001 delectos
681 945 825 1002 retinuerat
841 945 873 1000 ed
887 946 983 1018 impro-

179 1025 243 1082 vise.
280 1023 371 1080 Civilis
382 1022 452 1078 houd
462 1028 581 1093 porrecto
593 1022 695 1094 agmine
707 1021 753 1078 sed
771 1021 859 1078 ouueis
872 1022 982 1079 adstitit.

159 1101 275 1158 2Betevi
287 1100 452 1173 Gugeruique
463 1099 491 1154 in
498 1098 605 1166 dextro;
624 1099 688 1156 luere
699 1117 729 1156 eo
740 1099 859 1170 propiore
870 1100 983 1156 fluminis

180 1177 369 1235 'lheumheneni
389 1180 503 1232 tenuere.
539 1175 696 1232 Exhortatio
720 1175 815 1232 dueum
834 1193 888 1232 uon
910 1194 983 1232 more

180 1255 309 1312 eoneiouie
326 1253 395 1326 apud
411 1253 552 1318 universos,
572 1252 618 1308 sed
635 1256 666 1308 ut
683 1269 798 1324 quosque
814 1270 921 1308 suorum
940 1253 983 1308 ed·

181 1333 349 1390 vehebantur.
386 1330 493 1388 Cerialis
519 1331 633 1386 veterem
656 1329 768 1385 Romani
793 1329 902 1384 nominis
929 1330 983 1402 glo·

181 1409 253 1478 mem,
269 1409 387 1479 antiquos
404 1410 571 1478 recentesque
586 1405 723 1462 umentes:
741 1409 773 1462 ut
792 1405 927 1477 perfidum,
947 1407 983 1478 ig·

181 1503 283 1550 numm,
296 1484 394 1540 vietum
411 1485 512 1540 hostem
527 1484 555 1540 iu
571 1486 695 1540 eternum
712 1482 867 1550 exciderent,
883 1483 983 1540 ultione

160 1560 263 1629 tmegis
281 1577 358 1630 quem
374 1560 461 1630 prelio
479 1577 544 1630 opus
564 1578 628 1616 eme.
663 1559 801 1616 Peuoiores
820 1577 903 1630 nuper
924 1579 984 1616 oum

182 1635 298 1705 pluribus
314 1635 434 1701 oerttose,
453 1653 483 1690 eo
498 1639 587 1692 temen
600 1637 672 1692 fusos
689 1637 837 1702 Germanos,
856 1635 927 1707 quod
942 1655 984 1692 ro-

182 1711 251 1768 boris
267 1711 354 1768 luerit.
391 1712 531 1782 Superesse
549 1713 594 1784 qui
611 1713 699 1785 hugum
711 1712 809 1780 animis,
821 1712 866 1782 qui
877 1713 985 1769 vulnere

160 1791 257 1859 eergo
278 1787 370 1844 ferent.
405 1788 527 1860 Proprius
548 1789 609 1846 inde
630 1789 747 1846 stimulos
770 1788 915 1860 legionibus
939 1790 985 1846 ed·
1035 1819 1036 1858 ;

183 1865 310 1931 movebat,
335 1864 474 1922 domitores
503 1867 645 1922 Britannie
675 1865 911 1938 quartodecimanos
940 1885 985 1938 np-
1035 1865 1036 1886 ¹

183 1942 297 2015 pelluns;
316 1941 458 2014 prinoipem
475 1942 581 1998 Gelbem
599 1946 681 1999 sexte
701 1942 809 2014 legionis
829 1943 986 1999 sueton-itote

183 2020 296 2087 foetum
315 2019 360 2076 illu
379 2020 490 2090 primum
508 2019 562 2075 eoie
585 2019 744 2076 secundanos
761 2036 828 2074 nova
845 2018 921 2090 signe
940 2037 986 2075 uo-

161 2102 292 2169 ovemque
309 2095 419 2168 equilum
437 2095 574 2152 dicaturus.
611 2095 683 2152 Hine
702 2099 848 2168 proeveotus
868 2095 901 2150 od
924 2097 985 2152 Ger·

183 2174 311 2230 msuioum
330 2172 471 2228 exereitum
489 2189 581 2228 munus
601 2171 732 2240 tendebat,
752 2175 783 2226 ut
799 2189 874 2227 suem
893 2172 984 2244 ripum,

184 2267 232 2304 uua
252 2252 338 2304 eostre
358 2249 482 2320 sunguine
505 2248 619 2304 hostium
642 2251 831 2319 reeupererent.
868 2248 986 2305 Alsorior

185 2325 298 2378 omnium
306 2324 414 2390 elamor,
431 2325 488 2396 quis
505 2324 547 2381 vel
564 2324 691 2396 exlongo
709 2342 772 2396 paee
790 2323 872 2394 prelii
891 2326 986 2397 cupido

184 2397 226 2449 vel
241 2397 316 2450 fessis
328 2398 394 2456 bello
406 2401 476 2469 peois
493 2419 570 2466 emor,
588 2401 740 2473 praemieque
755 2404 782 2456 et
798 2401 871 2471 quies
888 2401 919 2456 in
930 2421 987 2474 pos·

140 2463 178 2522 17
185 2471 270 2521 terum
281 2472 457 2537 sperabuntur.
488 2476 546 2532 Neo
558 2477 646 2532 Civilis
659 2477 775 2532 silentem
785 2477 885 2532 struxit
897 2480 988 2545 eciem,

184 2541 269 2594 loeum
289 2560 382 2612 pugne
400 2551 495 2604 testem
514 2553 618 2607 virtutis
639 2554 723 2608 oiens:
743 2553 818 2608 Stare
843 2553 988 2611 Germanos

185 2615 348 2700 Itetevosquo
364 2636 442 2688 super
459 2627 570 2696 vestigia
588 2628 682 2697 glorie,
702 2629 799 2684 eineres
820 2645 934 2702 esseque
954 2633 990 2687 le-

164 2699 291 2758 ngsonnm
301 2690 435 2749 adesum,
470 2698 632 2774 Quocunque
649 2705 736 2760 oeulos
754 2705 889 2762 Romanus
900 2707 990 2764 inteu-
