2070 3204
68 337 125 378 ω
142 336 184 386 ⁶⁹]
257 271 511 322 HISTORIARUM
529 273 550 322 1.
568 273 671 328 71-76.
831 275 862 324 41

69 387 194 452 obtinuit,¹
202 384 329 440 consulari
340 385 501 440 matrimonio
513 385 623 441 subnixe
633 389 661 442 et
678 385 745 457 apud
758 385 865 442 Galbam

70 464 199 520 Othonem
211 461 342 518 Vitellium
355 462 440 528 illaesu,
453 479 514 518 mox
525 467 617 533 potens
630 464 739 535 pecunia
754 469 781 518 et
799 463 876 519 orbi‘

69 543 132 604 tate,
146 557 202 610 qnae
215 538 286 594 bonis
298 538 420 609 malisque
432 539 590 609 temporibus
601 539 676 610 juxta
687 539 781 594 velent.

106 617 208 673 Crebre
219 617 329 682 interim,
343 620 369 671 et
381 617 546 672 muliebribus
560 617 738 673 blandimentis
755 617 864 679 infecte,
875 614 913 672 74

69 693 103 750 ab
115 694 217 749 Othone
230 693 263 748 ad
273 693 406 748 Vitellium
418 693 532 765 epistole
543 694 682 749 offerebant
693 694 825 766 pecuniam
837 697 864 749 et

69 771 179 842 gratiam
202 773 230 824 ot
253 787 429 840 quemcunque
454 771 547 840 quietis
566 771 651 826 locum
673 770 786 842 prodige
805 771 865 826 vitre

68 846 182 918 legisset.
227 846 303 901 Paria
326 846 447 901 Vitellius
471 847 625 912 ostentabat,
650 847 731 918 primo
755 847 889 912 mollius,2

69 923 152 978 stulte
173 923 295 993 utrinque
313 925 340 977 et
358 922 478 978 indecora
495 923 673 978 simulatione:
702 941 769 988 mox,
792 923 865 994 qnasi

68 1000 191 1064 rixantes,
205 1003 294 1070 stupra
306 1003 332 1053 et
347 999 445 1071 flagitia
459 999 487 1054 in
498 999 579 1054 ricem
595 999 762 1070 obiectavere,
773 1003 865 1054 neuter

68 1077 142 1131 falso.
173 1076 251 1141 Otho,
261 1076 386 1130 revocatis
396 1093 460 1146 quos
469 1075 548 1130 Galba
556 1075 766 1146 miseratlegatis,
774 1080 889 1132 rursnsd

68 1153 133 1208 alios
142 1151 321 1222 adutrumque
329 1151 506 1206 Germanicum
514 1152 654 1206 exercitum
662 1155 688 1205 et
698 1151 730 1205 ad
739 1151 865 1223 legionem

67 1227 187 1285 Italicam
203 1245 296 1298 easque
308 1245 365 1298 quar
376 1227 499 1298 Lugduni
511 1227 620 1298 agebant
632 1227 718 1298 copias
730 1229 813 1298 specie
825 1246 865 1283 se-

67 1310 146 1362 natus
153 1305 231 1360 misit.
244 1305 339 1376 Legati
346 1304 414 1375 opud
421 1304 554 1359 Vitellium
563 1321 714 1368 remansere,
722 1305 890 1374 promptius4

67 1399 147 1454 quarn
163 1385 194 1436 ut
211 1381 308 1437 retenti
323 1380 478 1436 viderentur.
515 1379 672 1444 pretoriani,
692 1397 756 1450 quos
774 1398 820 1450 per
832 1380 866 1434 si·

66 1457 233 1514 mulatiouem
246 1457 320 1513 officii
329 1457 420 1528 legatia
428 1456 499 1512 Otho
511 1455 670 1526 adjunxerat,
683 1455 782 1511 remissi
794 1459 866 1511 ante·

68 1551 146 1606 quarn
160 1534 302 1606 legionibus
317 1533 492 1588 miscerentur.
519 1531 627 1586 Addidit
639 1531 759 1603 epistolas
771 1532 864 1587 Fabius
874 1533 893 1579 ⁵v

67 1610 173 1676 velera,
195 1611 296 1666 nomine
316 1610 460 1666 Germunici
480 1609 616 1674 exercitus,
637 1608 669 1664 ud
688 1609 819 1680 pretoriae
838 1611 865 1664 et

68 1686 179 1742 urbanas
192 1687 317 1751 cohortes,
331 1685 362 1742 de
374 1686 471 1742 viribus
483 1685 594 1756 partium
610 1685 756 1756 magnificas
769 1689 795 1740 et
807 1702 865 1740 con-

68 1762 181 1818 cordiam
196 1763 339 1818 offerentes.
380 1762 533 1834 increpabat
549 1761 619 1816 ultro
636 1761 704 1832 quod
715 1765 789 1816 tanto
805 1765 889 1816 auted

68 1838 193 1894 traditum
216 1839 322 1894 Vitellio
345 1839 480 1910 imperium
504 1838 537 1893 ad
560 1838 690 1893 Othonem
718 1838 865 1892 vertissent.

67 1915 249 1986 Itupromissia
262 1915 338 1970 simul
350 1932 380 1970 uc
391 1915 467 1970 minis
479 1914 653 1979 tentabantur,
668 1918 698 1969 ut
710 1913 776 1969 bello
788 1914 865 1985 impa
875 1919 911 1978 75

67 2009 118 2056 res,
130 1991 159 2046 in
169 2008 231 2060 pace
242 1991 306 2046 nihil
318 1990 442 2045 amissuri.
478 1991 571 2062 Neque
587 1990 644 2045 idco
656 1991 867 2061 pretorianorum

67 2064 133 2120 fides
151 2069 257 2120 mutata.
295 2065 346 2120 sed
366 2065 527 2120 insidiatores
545 2066 577 2120 ab
594 2066 697 2120 Othone
714 2067 742 2120 in
763 2066 889 2124 Germa-2

68 2141 146 2203 niam,
159 2157 175 2192 a
185 2139 290 2194 Vitellio
307 2141 335 2194 in
345 2140 435 2195 urbem
446 2141 525 2196 misai
561 2141 687 2212 Utrisque
699 2141 796 2194 frustra
807 2141 865 2206 fuit,

72 2213 215 2270 Vitellianis
226 2215 337 2284 impune,
348 2233 394 2284 per
410 2219 508 2270 tantam
524 2216 656 2269 hominum
675 2215 867 2270 multitudinem

67 2294 160 2348 mutua
175 2290 320 2361 ignorantia
337 2289 495 2345 fallentibus:
521 2290 662 2344 Othoniani
678 2291 793 2344 novitate
811 2291 866 2346 vul·
888 2329 890 2335 ι

66 2372 120 2433 tus,
134 2366 253 2422 omuibus
264 2366 292 2422 in
303 2365 384 2422 ricem
396 2365 490 2436 gnaris,
503 2365 683 2436 prodebantur.
704 2365 824 2422 Vitellius
836 2367 886 2424 lta

67 2448 137 2500 teras
153 2443 186 2498 ad
198 2443 328 2498 litianum
345 2441 452 2496 fratrem
467 2442 577 2497 Othonis
595 2443 744 2514 composuit,
758 2443 866 2500 exitium

67 2521 117 2592 ipsi
132 2520 235 2591 filioque
252 2521 309 2591 ejus
325 2518 454 2584 minitans,
471 2519 499 2574 ni
514 2519 654 2584 incolumes
671 2519 720 2574 sibi
738 2524 819 2576 mater
835 2539 865 2576 ac
885 2531 888 2538 ’

67 2597 317 2654 liberiservarentur.
354 2595 888 2668 EtstetitdomusutraquesubOthonea

67 2674 194 2730 hrcertum
210 2691 243 2728 an
260 2677 348 2728 metu:
367 2672 488 2728 Vitellius
506 2673 589 2729 metor
601 2674 741 2730 clementie
759 2674 865 2745 gloriam
944 2695 947 2702 ’

67 2751 136 2806 tulit.
173 2751 275 2806 Primus
288 2749 385 2806 Othoni
397 2749 515 2806 fiduciam
532 2749 629 2806 addidit
641 2769 674 2806 ex
685 2751 790 2822 Illyrico
802 2757 910 2814 uun-76

67 2827 128 2894 tina,
142 2827 244 2900 jurtsse
259 2827 287 2882 in
298 2845 357 2882 eum
369 2826 504 2882 Dalmatia
521 2845 550 2883 ac
567 2827 705 2883 Pannoniae
723 2830 750 2882 et
767 2826 866 2881 Mesiae
