2104 3022
182 157 229 204 πε
516 152 637 203 ΤΑΟΙΤΙ

763 216 971 265 [nudatas.

156 267 239 322 atum
250 265 282 322 da
293 265 382 331 salute,
392 281 452 320 mox
463 265 495 321 de
506 265 613 322 victoria
624 271 760 322 certavere.
797 267 862 326 Qum
873 281 968 339 cuncta,

181 343 232 398 etsi
252 342 361 399 consiliis
382 340 511 412 ductuque
530 341 635 397 alterius
656 341 804 412 agebantur,
826 361 855 398 aa
876 362 970 400 summa

181 436 267 494 rerum
282 421 309 473 et
320 421 474 488 recuperatae
490 418 625 488 provinciae
643 419 725 490 gloria
738 419 765 472 in
780 419 871 474 ducem
886 421 967 486 cessit,

181 497 420 550 monetmonet
433 493 550 550 stimulos
562 493 680 550 addidere
688 491 793 563 juveni3
817 494 968 566 intravitque

180 571 294 625 animum
316 569 432 626 militaris
456 570 543 641 gloria
566 570 666 640 cupido,
684 570 785 640 ingrata
807 571 969 641 temporibus,

181 646 273 718 quibus
285 645 388 701 sinistra
399 664 460 718 erga
475 646 615 702 eminentes
631 645 815 716 interpretatio,
826 664 874 702 nec
887 647 969 703 minus

180 723 366 794 periculnmex
378 723 549 794 magnalama
561 722 764 794 quamexmuls.

155 813 173 868 6
227 798 298 854 Hine
326 797 359 854 ad
382 798 548 870 capessendos
578 797 742 868 magistratus
765 797 794 852 in
816 797 905 854 urbem
933 799 971 854 di-

109 893 173 928 aas.
181 893 292 948 gressus,
316 875 456 931 Domitiam
482 875 652 940 Decidiauam,
678 874 814 945 splendidis
844 875 971 932 natalibus

119 937 164 1030 {¹1}
184 956 273 1018 ortam,
298 951 347 1008 sibi
366 952 460 1024 junxit.
508 952 589 1022 quue
611 951 798 1006 matrimonium
821 951 855 1006 ed
876 952 972 1022 majora

127 1035 158 1078 ⁶2
183 1030 277 1086 nitenti
294 1029 371 1086 decus
391 1046 421 1084 aa
440 1027 518 1084 robur
537 1027 596 1082 fnit.
631 1027 810 1098 Vixeruntqne
828 1027 892 1082 mira
912 1046 973 1084 oon·

182 1107 275 1174 cordia,
305 1124 351 1177 per
373 1107 489 1160 mutuam
512 1103 644 1158 caritatem
667 1106 694 1158 et
716 1103 824 1159 invicem
847 1121 875 1158 se
900 1109 972 1159 ante-

180 1183 304 1253 ponendo,
322 1181 373 1237 nisi
390 1180 458 1253 quod
479 1180 508 1235 in
527 1179 593 1234 bona
612 1196 692 1234 uxore
711 1181 784 1234 tanto
807 1179 888 1250 major
905 1179 972 1248 laus,

156 1263 275 1330 aquante
294 1259 322 1314 in
339 1257 405 1312 male
425 1257 482 1328 plns
500 1255 580 1326 culpae
597 1258 644 1310 est.
682 1254 742 1309 Sors
760 1258 894 1324 quaestines
912 1274 972 1326 pro·

179 1334 287 1390 vinciam
304 1334 399 1399 Asiam,
418 1331 594 1404 proconsulem
615 1329 726 1386 Salvium
744 1330 873 1385 Titianum
890 1330 971 1388 dedit.

180 1411 298 1469 Quorum
312 1413 404 1465 neutro
420 1411 555 1478 corruptus
574 1409 622 1471 est,
639 1424 782 1477 quanquam
799 1409 826 1460 et
840 1407 973 1476 provincia

178 1485 249 1540 dives
269 1503 299 1541 ae
319 1488 407 1555 parata
429 1482 601 1554 peccantibus,
623 1485 650 1537 et
669 1482 806 1553 proconsul
821 1482 849 1536 in
868 1500 973 1539 omnem

178 1559 325 1615 aviditatem
344 1577 448 1629 pronus,
470 1557 626 1628 quantalibet
646 1557 767 1613 facilitate
790 1557 973 1629 redempturus

154 1639 246 1690 tesset
264 1638 380 1690 mutuam
399 1633 624 1689 dissimulationem
646 1633 712 1688 mali
748 1635 848 1690 Auetus
869 1638 910 1690 cst
934 1635 974 1692 ibi

176 1711 237 1776 filia,
255 1710 283 1766 in
297 1709 437 1766 subsidium
452 1709 528 1764 simul
543 1711 569 1763 et
587 1709 720 1764 solatium:
738 1727 798 1764 uam
812 1710 893 1764 lilium
909 1715 972 1768 ante

177 1787 307 1844 sublatum
323 1786 395 1843 brevi
411 1785 503 1841 ernist
539 1785 604 1840 Mox
620 1785 688 1840 inter
705 1791 860 1856 quaesturam
876 1805 907 1842 ac
925 1788 973 1843 tri·

177 1863 301 1920 bunatum
317 1863 397 1936 plebis
415 1866 492 1934 atque
508 1860 593 1932 ipsum
612 1861 689 1917 etiam
708 1861 854 1928 tribunatus
873 1880 972 1919 annum
1028 1879 1029 1882 ’

176 1941 262 2012 quieta
280 1943 307 1997 et
324 1940 377 1996 otio
395 1938 504 2004 transiit,
519 1955 613 2009 gnarus
630 1937 678 1993 sub
694 1937 798 1993 Nerone
815 1942 970 2009 temporum,

151 2018 268 2089 torribus
279 2017 371 2073 inertia
382 2034 428 2088 pro
440 2013 564 2086 sapientia
578 2014 591 2068 f
609 2013 635 2068 't.
671 2013 745 2068 Idem
759 2018 877 2084 praetura
893 2021 972 2071 tenor

175 2097 203 2149 et
222 2094 363 2150 silentium:
382 2110 430 2148 nec
447 2091 514 2146 enim
529 2089 672 2161 jurisdictio
690 2089 834 2146 obvenerat.
869 2091 971 2165 Ludos,

175 2174 202 2225 et
224 2170 311 2226 inania
333 2167 443 2236 honoris,
467 2165 550 2222 medio
573 2165 678 2220 rationis
702 2169 779 2237 atque
806 2166 971 2225 abundantiae

151 2245 256 2313 aduxit,
276 2246 317 2300 uti
338 2246 414 2317 longe
434 2261 450 2299 a
472 2242 580 2308 luxuria,
601 2241 639 2296 ita
658 2241 732 2297 fama
754 2243 863 2314 propior.
902 2245 971 2300 'llum

174 2319 270 2374 electus
294 2339 310 2374 a
334 2321 413 2376 Galba
435 2319 469 2374 ad
491 2319 558 2374 done
579 2317 732 2389 templorum
755 2321 969 2390 recognoscenda,

173 2392 367 2461 diligentissima
383 2394 568 2465 conquisitione
584 2393 653 2462 fecit,
669 2412 701 2449 ne
717 2393 791 2464 eujus
809 2395 916 2452 alterius
929 2415 971 2452 sa-

173 2465 306 2534 crilegium
317 2485 358 2522 res
370 2470 472 2538 publica
483 2488 559 2540 quam
571 2469 682 2524 Neronis
694 2470 824 2526 sensisset.

147 2540 164 2598 7
188 2612 194 2623 .
220 2539 333 2624 Sequens
354 2559 435 2598 annus
459 2546 531 2616 gravi
551 2545 656 2601 vulnere
676 2546 789 2604 animum
812 2546 972 2621 domumque

172 2629 227 2681 ejus
251 2613 346 2668 affluxit.
393 2617 462 2672 Nam
485 2620 573 2676 classis
597 2622 748 2688 Othoniana,
773 2623 881 2679 licenter
902 2645 974 2698 vaga

172 2685 232 2742 dum
256 2687 403 2748 Intemelios
422 2693 545 2765 (Liguris
569 2714 627 2766 pars
652 2699 711 2769 est)
733 2700 860 2757 hostiliter
886 2720 974 2774 popu-
