2096 3038
106 209 125 247 Δ
144 207 164 246 D
181 207 222 256 ω]
276 144 530 194 HlS'l'ORIARUM
548 146 599 196 111.
617 150 720 196 80-88.
851 149 899 198 ’196

105 255 229 321 labatur3
246 273 294 311 uec
313 256 402 327 procul
422 257 490 312 cede
508 259 622 325 aberant,
641 276 701 314 cum
719 257 837 330 precibus
851 261 901 314 du·

107 350 165 387 cum
187 333 319 404 mitigatus
341 336 381 387 est
401 333 481 389 miles.
521 336 557 390 m
578 340 681 391 vocatos
700 335 734 390 ad
753 336 923 392 munionem

106 409 235 464 Antonius
253 409 395 480 alloquitur,
415 413 546 481 magnifiee
560 414 676 478 victores,
693 414 776 470 victos
796 413 902 469 elemen-

106 491 155 550 ter,
175 485 206 540 de
225 484 350 540 Cremona
367 486 395 540 in
411 492 539 544 neutrum.
576 490 720 555 Exercitus,
737 494 830 560 practer
843 489 902 544 iusi·

108 565 162 616 tam
174 561 304 632 predandi
320 562 471 633 cupidinem,
484 571 571 621 vetere
588 565 646 621 odio
658 566 690 620 ed
702 566 828 621 excidium
841 565 903 620 Ore-
1006 611 1010 620 .

108 638 267 692 mouensium
279 638 404 693 incubuit.
441 641 460 694 J
462 642 546 698 urisse
561 647 647 714 partes
660 643 811 698 Vitellianas
823 642 926 698 Otho-8

108 715 148 769 nis
161 733 261 786 quoque
273 714 338 770 bello
355 715 537 785 credebantur3
556 739 616 774 mox
633 719 853 775 tertiadecimanos
871 717 904 772 ed

109 791 291 846 exstruendum
307 792 521 862 amphitheatrum
536 796 646 861 relictos,
663 801 694 851 ut
710 800 771 851 sunt
789 795 905 867 procacia

108 868 217 923 ‘urbanae
234 868 314 939 plebis
332 869 441 940 ingenie,
460 872 635 941 petulantibus
653 873 746 944 jurgiis
764 873 903 928 illuserant.

106 944 192 1000 ¹Auxit
221 944 341 1000 iuvidiam
369 944 464 1000 editum
493 948 545 1003 illic
569 968 585 1003 a
612 950 714 1005 Caecina
737 949 929 1020 gladiatorum

111 1021 291 1091 spectaculum,
305 1021 443 1092 eademque
454 1042 543 1079 mrsus
560 1025 620 1080 belli
632 1025 713 1092 sedes,
725 1029 751 1080 et
768 1025 867 1096 praebiti
878 1025 906 1078 in

106 1097 165 1152 acie
189 1097 332 1152 Vitellianis
363 1099 420 1164 cibi,
445 1117 517 1154 casae
548 1101 662 1172 quadam
691 1101 791 1156 femina
821 1100 906 1156 studio

110 1174 221 1245 partium
234 1173 266 1228 ad
282 1174 396 1245 praelium
412 1193 561 1246 progressae.
598 1179 710 1248 Tempus
726 1195 826 1247 quoquo
843 1194 907 1232 mer·

112 1255 184 1305 catus
209 1250 287 1305 ditem
311 1251 406 1323 alioqui
429 1253 553 1308 coloniam
578 1255 702 1326 majorum
723 1271 799 1325 opum
823 1253 908 1324 specie

112 1326 262 1398 complebat.
299 1327 393 1384 (laeteri
410 1328 487 1384 duces
500 1331 527 1384 in
543 1331 668 1386 obscuro:
699 1331 840 1386 Antonium
856 1330 930 1384 ior-5

105 1407 177 1458 tuna
193 1404 310 1475 famaque
328 1405 441 1460 omnium
459 1407 539 1462 ocubs
556 1411 716 1478 exposuerat.
752 1408 780 1462 Is
797 1406 909 1463 balineas

113 1480 238 1535 abluendo
250 1481 335 1536 cruori
350 1499 457 1552 propere
475 1484 548 1553 petit.
585 1485 702 1556 Excepta
718 1503 769 1541 vox
785 1488 832 1550 est,
850 1503 909 1540 cum

113 1561 228 1628 teporem
239 1557 376 1623 incusaret,
391 1563 407 1588 “
416 1559 504 1614 statim
520 1561 638 1616 futurum
655 1567 686 1617 nt
702 1561 908 1618 madescerent?

113 1633 218 1688 Vernile
230 1632 326 1688 dictum
338 1651 438 1689 omnem
450 1635 571 1691 invidiam
583 1637 610 1693 in
622 1657 680 1694 curn
692 1639 778 1704 vertit,
788 1643 931 1710 tanquam6

114 1711 215 1782 siguum
227 1710 388 1768 incendendae
401 1713 533 1770 cremone
545 1715 664 1782 dedisset,
678 1735 735 1788 quac
751 1718 804 1788 jam
819 1717 910 1788 llagra·

114 1787 166 1842 bat.
204 1787 379 1859 Quadraginta
393 1794 548 1845 armatorum
565 1793 644 1847 millia
659 1793 782 1864 irrupere,
794 1792 954 1850 monumen

114 1863 273 1934 lixarumque
291 1865 397 1936 amplior
414 1885 543 1933 uumerus,
557 1873 584 1922 et
601 1869 629 1923 in
646 1869 775 1924 libidinem
793 1887 823 1924 ac
840 1869 910 1924 savi-

115 1940 178 1995 tiam
196 1942 346 2012 corruptior.
382 1943 444 1998 Non
461 1943 581 2014 dignitas,
601 1963 653 2000 non
673 1951 734 2001 aetas
752 1945 909 2016 protegebat,

118 2034 167 2086 quo
181 2018 265 2076 minus
282 2023 371 2090 stupra
386 2019 505 2086 caedibus,
523 2021 604 2076 cedes
623 2023 719 2092 stupris
734 2022 909 2076 miscerentur.

119 2093 271 2149 Grandoevos
289 2113 370 2160 senes,
390 2100 480 2151 exacta
497 2101 573 2152 etate
591 2097 705 2163 seminas,
723 2097 784 2151 viles
802 2095 835 2150 ad
850 2104 933 2167 prse2

118 2167 183 2237 dam,
204 2172 231 2224 in
254 2171 392 2228 ludibrium
414 2172 558 2226 trahebant.
595 2173 649 2228 Ubi
670 2172 757 2227 adulta
776 2171 848 2242 virgo
867 2175 912 2226 aut

118 2245 175 2315 quis
192 2246 274 2300 forma
291 2247 442 2318 conspicuus
460 2248 599 2314 incidisset,
620 2250 645 2303 vi
663 2247 829 2319 crucibusque
846 2249 913 2319 rapi·

103 2321 215 2376 entium
234 2323 348 2378 divulsus
365 2325 434 2395 ipsos
452 2327 581 2396 postremo
598 2324 738 2396 direptores
754 2325 782 2380 in
797 2328 913 2380 mutuam
1046 2381 1047 2394 ,

117 2398 254 2468 perniciem
278 2400 377 2471 agebat.
421 2402 491 2456 Dum
515 2402 655 2472 pecuniam,
677 2402 718 2458 vel
742 2403 828 2474 gravia
851 2410 935 2457 suros
1046 2397 1047 2420 ¹

103 2475 272 2544 templorum
287 2475 359 2543 dous,
377 2477 425 2533 sibi
444 2478 550 2549 quisque
566 2480 680 2546 trahunt,
697 2481 792 2551 majore
808 2479 914 2534 aliorum

117 2550 145 2604 vi
161 2551 354 2608 truncabantur.
390 2554 510 2620 Quidem,
523 2555 597 2610 obvia
615 2557 750 2628 aspernati,
768 2557 914 2612 verberibus

42 2683 46 2691 ,
118 2629 305 2700 tormentisque
317 2628 476 2686 dominorum
489 2631 575 2687 abdita
584 2634 700 2699 scrutari,
709 2633 810 2688 defossa
818 2649 913 2687 eruere.

119 2702 199 2760 Faces
223 2704 251 2760 in
270 2705 394 2774 manibus,
416 2725 489 2779 quas,
508 2707 554 2764 ubi
576 2708 687 2780 praedam
710 2710 864 2780 egesserant,
888 2705 938 2763 inl
1045 2763 1046 2772 ,
