2104 3022
310 78 359 128 DE
377 77 606 128 ounnomens
624 78 727 126 ss-sl.
862 79 908 128 tls

113 207 164 246 neo
180 189 208 246 iu
226 188 364 246 evolvenda
379 189 531 262 antiquitate
549 206 598 246 nee
614 189 643 246 in
658 187 751 244 notitia
764 187 808 243 vel
824 202 910 246 rerum

114 266 156 322 vel
167 265 297 322 hominum
306 266 345 322 vel
354 269 499 337 temporum
510 265 573 321 setis
584 283 667 337 opera
678 263 822 320 insumitur.
859 263 934 323 Sede

115 345 272 412 expetuntur
295 361 359 413 qnos
382 343 497 398 rhetoras
520 346 627 408 vocant3
657 357 765 412 qnorum
786 339 910 410 professio

116 418 218 490 quando
229 418 339 488 primum
355 419 458 476 inhane
474 419 562 476 urbem
574 417 720 474 intmdneta
735 416 770 472 sit
786 433 910 488 quamque

115 494 212 550 nullam
234 495 303 566 apud
325 498 433 564 majores
456 499 558 552 nosnos
582 493 761 550 auctoritatem
783 493 909 558 habuerit,

118 571 207 626 stetim
226 570 349 634 dicturus,
366 571 473 626 referem
490 589 594 630 neoeme
612 576 652 626 est
671 570 786 626 animum
803 568 836 626 sd
854 587 913 624 eam

117 645 276 718 disciplinam
288 665 339 718 qua
349 665 410 702 usos
427 665 483 704 esse
495 665 539 702 eos
554 650 668 704 oratores
686 647 835 718 necopinus,
848 663 911 717 quo-

5 707 6 736 *
116 739 175 777 rum
192 722 307 778 infinitus
324 721 395 778 labor
410 729 437 778 et
453 721 602 794 quotidiana
616 721 749 778 meditatio
765 726 792 778 et
803 722 831 778 in
842 721 911 778 omni

117 816 211 869 genere
223 799 366 854 studiorum
377 798 484 854 assidue
496 798 689 857 exsultationes
705 799 819 869 ipsorum
834 799 911 858 etimn

118 875 282 930 eontinentur
301 874 381 933 libris.
418 875 504 930 Notus
525 877 565 932 est
584 873 655 930 vobis
672 874 763 945 utique
782 875 935 933 Oieemniss

117 949 190 1016 liber,
203 951 248 1022 qui
259 949 379 1006 ‘Brutus’
391 949 557 1016 nuntium
572 949 600 1006 in
616 952 690 1019 enjus
707 953 822 1010 extrema
837 954 919 1020 μήθ

119 1028 190 1097 (nam
201 1026 272 1096 prior
280 1025 542 1084 commemorationem
549 1029 664 1082 veterum
672 1029 803 1086 oratorum
813 1026 910 1096 habet)

118 1120 166 1163 sua
181 1101 262 1171 initia,
277 1120 337 1161 suos
354 1101 456 1174 gradus,
475 1120 528 1158 suu
543 1102 692 1173 eloquentie
703 1101 775 1157 velut
787 1101 914 1174 quandam

118 1178 295 1242 edueetiouem
316 1178 410 1234 refert:
440 1196 470 1234 se
492 1177 560 1248 apud
584 1178 618 1239 Q.
635 1177 752 1242 Muoium
773 1179 817 1250 joa
840 1178 913 1234 civile

119 1254 236 1312 didicisse
246 1274 254 1321 ;
274 1253 342 1325 apud
352 1253 484 1310 Philonem
495 1254 682 1323 Academicum,
694 1253 761 1325 epud
773 1254 914 1312 Diodotum

120 1331 235 1388 Stoicum
256 1348 343 1394 omnes
365 1329 531 1401 philosophie
553 1334 639 1402 partes
659 1331 763 1402 penitus
782 1329 916 1408 haasisso;

119 1426 202 1480 neque
222 1409 264 1464 his
282 1406 429 1472 dootorihus
449 1411 605 1473 eontentum,
625 1425 733 1479 qnorum
753 1407 778 1463 ei
797 1407 871 1478 eopia
887 1407 916 1464 in

120 1485 184 1546 ube
201 1485 351 1557 eontigmat,
368 1483 490 1548 Achaiam
506 1501 606 1556 quoque
618 1489 645 1540 et
657 1484 746 1540 Asiam
756 1484 914 1556 pemgntsse

119 1565 151 1618 ut
171 1579 272 1621 omnem
289 1562 403 1620 nmmum
419 1561 513 1618 antium
529 1561 678 1618 serietatem
695 1561 913 1634 eompleetenetm.

120 1638 214 1710 ltaque
225 1639 309 1696 herole
320 1640 348 1696 in
358 1639 431 1700 libris
443 1638 572 1697 Oioeronis
584 1638 772 1711 deprehendere
783 1639 852 1705 lieet,
863 1647 940 1696 nous

121 1717 275 1786 neomeniae,
287 1734 340 1772 non
354 1716 463 1781 musice,
475 1733 529 1772 non
544 1716 726 1787 grammatioa,
736 1735 789 1776 nou
805 1716 914 1787 denique

120 1791 197 1849 ullius
214 1792 276 1846 artis
292 1793 410 1862 mgenues
426 1792 557 1848 seientiam
573 1793 728 1848 eideiuisse
764 1792 812 1847 Ille
824 1792 916 1848 ‹lielee

121 1866 180 1923 tion
203 1867 381 1932 subtilitatem,
404 1867 447 1922 ille
470 1867 571 1925 moralis
594 1868 674 1936 partis
702 1867 848 1931 utilitatem,
872 1866 915 1922 ille

120 1960 206 2000 rerum
232 1945 318 1998 motus
341 1959 480 2011 musasque
503 1945 665 2012 cognoverat.
708 1943 752 1998 Its
774 1945 815 1996 est
838 1941 938 2009 enims

121 2017 212 2089 optimi
226 2017 281 2086 viri,
297 2017 342 2074 ita
378 2017 420 2072 Ex
434 2016 516 2072 multa
526 2017 674 2074 eruditione
685 2021 712 2074 et
727 2017 841 2089 plurimis
852 2018 915 2084 arti·

122 2093 171 2153 bus
183 2098 209 2151 et
221 2093 332 2157 omnium
344 2111 430 2148 rorum
447 2093 553 2148 seientia
564 2093 676 2149 exundat
693 2097 719 2150 et
735 2092 857 2150 exuberat
872 2093 916 2150 ille

125 2170 278 2228 adminebilis
295 2169 454 2240 eloquentia3
472 2187 555 2240 neque
573 2169 682 2226 omtosis
697 2170 736 2225 uis
754 2171 781 2224 et
798 2169 914 2235 feeuultns,

127 2247 194 2302 siout
210 2250 359 2305 ceterarum
377 2263 469 2312 rerum,
489 2246 604 2316 angustis
623 2249 650 2300 et
665 2245 784 2302 breuibus
800 2245 915 2302 terminis

124 2323 244 2389 eluditur,
262 2322 308 2378 sed
322 2322 347 2378 is
361 2325 401 2378 est
416 2325 509 2388 oraton,
522 2323 566 2393 qni
578 2322 609 2378 de
625 2323 695 2376 omni
707 2321 846 2390 questione
862 2321 916 2394 put

126 2399 187 2456 ehre
205 2403 232 2454 et
253 2399 342 2454 ornate
362 2401 389 2454 et
412 2397 445 2452 ad
465 2397 666 2468 persuadendum
687 2401 747 2466 apte
767 2396 851 2454 dioere
871 2417 917 2469 pne

125 2475 251 2544 dignitete
268 2492 363 2540 rerum,
378 2474 411 2530 ad
428 2475 566 2532 utilitatem
583 2479 736 2545 temporum,
754 2492 813 2530 eum
830 2475 917 2546 volup·

8 2592 12 2619 ,
126 2554 181 2606 tate
193 2551 350 2606 audientium
363 2552 451 2621 possit.

160 2631 175 2657 “
183 2628 242 2684 Hoe
251 2628 300 2684 sibi
310 2627 348 2684 illi
356 2631 455 2694 veteres
464 2631 649 2700 pensuaserant
660 2627 692 2684 ed
702 2627 752 2686 hoo
760 2627 917 2694 efficiendum
926 2629 965 2686 el
