2070 3204
92 427 111 467 Δ
129 427 148 468 D
165 425 208 476 ω]
282 359 538 412 masculanum
556 361 577 410 1.
596 361 701 412 85-87.
859 363 891 412 49

92 475 238 548 praecipuus
256 475 283 529 st
303 491 363 529 cum
383 473 503 543 presenti
521 472 600 528 exitio
617 472 695 528 etiam
706 471 789 527 futuri
805 487 891 543 pavor,

91 553 179 608 subita
189 549 353 606 inundatione
365 549 463 604 'liberis
474 573 480 604 ε
500 549 544 621 qui
555 549 678 604 immenso
688 553 774 610 auctu.
785 554 892 620 proruto

91 633 172 702 ponta
188 625 302 692 sublicio,
322 644 351 682 ac
369 634 455 697 strage
473 625 601 681 obstantis
619 625 693 680 molis
712 625 821 690 refusus,
840 644 893 680 uon

92 704 168 760 modo
179 703 290 775 jacentia
302 706 328 757 et
346 702 421 774 plana
432 702 502 758 urbis
517 702 581 767 loca,
595 701 641 757 sed
660 719 750 756 secura
766 701 892 773 ejusmodi

92 799 199 838 casuum
210 779 332 851 implevit.
369 777 449 848 Rapti
469 797 484 833 e
501 778 603 850 publico
623 778 746 848 plerique,
761 778 846 849 plures
865 780 914 836 irre

91 857 206 914 tabernis
229 860 256 912 et
280 854 405 911 cubilibus
429 855 572 925 intercepti.
617 854 708 909 Fames
736 854 764 908 in
790 855 890 926 vulgus,

91 933 180 1005 inopia
204 937 318 1003 quastus
344 935 371 986 et
397 931 504 1002 penuria
532 931 717 986 alimentorum.
763 931 892 1002 Corrupta

91 1008 272 1081 stagnantibus
296 1007 368 1078 aquis
397 1007 537 1062 insularum
561 1006 733 1071 fundamenta,
758 1007 825 1073 dein,
850 1027 892 1063 re·

90 1090 194 1142 meante
217 1083 328 1148 flumine,
353 1081 457 1152 dilapsa,
505 1083 595 1153 thue
618 1083 729 1152 primum
756 1101 853 1138 vacuus
877 1092 915 1138 at

91 1160 206 1234 periculo
223 1159 321 1214 animus
332 1157 391 1224 fuit,
404 1157 431 1212 id
444 1157 537 1228 ipsum,
550 1157 619 1229 quod
631 1158 732 1228 paranti
752 1159 891 1229 expeditio

92 1257 153 1294 nem
166 1235 269 1301 Othoni,
283 1253 386 1306 campus
399 1234 513 1288 Martius
526 1239 553 1288 et
565 1233 606 1289 via
618 1233 751 1299 Flaminia,
764 1234 814 1289 iter
827 1235 893 1303 belli,

93 1317 163 1370 essct
179 1313 340 1368 obstructum
356 1329 372 1365 a
386 1310 502 1365 fortuitis
518 1310 559 1366 vel
576 1309 736 1365 naturalibus
755 1311 846 1376 causis,
867 1312 894 1366 in

92 1390 238 1463 prodigium
249 1393 276 1444 et
288 1406 362 1444 omen
374 1387 562 1442 imminentium
573 1387 682 1442 cladium
694 1387 848 1442 vertebatur.

130 1467 208 1532 Otho,
221 1465 330 1520 lustrata
341 1463 412 1530 urbe,
423 1467 450 1520 ct
462 1464 580 1536 expensis
591 1463 649 1520 belli
663 1463 781 1529 consiliis,
792 1463 892 1535 quaudo
900 1469 938 1530 87

94 1543 198 1598 Peninus
206 1541 349 1613 Gottiaque
358 1541 437 1611 Alpes
446 1545 472 1596 ct
482 1541 568 1596 caeteri
576 1540 713 1596 Galliarum
721 1539 805 1596 aditus
813 1541 893 1596 Vitcl·

94 1618 168 1674 lianis
189 1617 343 1674 exercitibus
362 1616 552 1686 claudebantur,
573 1617 767 1673 Narbonensem
786 1617 893 1673 Galliam

94 1696 200 1770 aggredi
212 1696 319 1763 statuit;
338 1695 418 1751 classe
430 1695 513 1751 valida
524 1699 551 1751 et
562 1696 679 1768 partibus
691 1696 748 1762 lida,
758 1696 826 1768 quod
836 1696 894 1751 reli-

94 1791 159 1844 quos
171 1791 293 1828 caesenam
311 1770 343 1826 ad
355 1775 460 1842 pontem
478 1772 606 1835 Milvium,
619 1775 645 1827 et
658 1773 756 1828 sevitia
768 1772 854 1827 Galba
866 1773 893 1827 in

94 1849 237 1904 custodiam
257 1847 367 1916 habitos,
384 1847 412 1902 in
432 1866 552 1904 numeros
573 1849 680 1921 legionis
705 1854 891 1920 composuerat,

94 1925 164 1980 lacta
178 1929 205 1980 et
221 1925 320 1982 coemrie
341 1942 386 1994 spe
404 1924 573 1981 honoratioris
593 1926 621 1982 in
638 1929 769 1997 posterum
787 1925 891 1982 militia.

95 2001 202 2056 Addidit
223 2001 297 2057 classi
314 2000 424 2056 urbanas
445 2003 562 2057 cohortes
583 2006 610 2058 et
629 2002 764 2074 plerosque
788 2020 803 2057 e
824 2004 915 2062 Pru-2

95 2079 208 2143 tenacis,
225 2078 290 2132 vires
310 2081 337 2132 et
354 2076 433 2131 robur
449 2079 584 2143 exereitus,
603 2083 680 2149 atque
696 2079 758 2150 ipsis
776 2078 892 2134 Ducibus

96 2153 229 2206 consilium
252 2156 280 2206 et
303 2151 431 2206 custodes.
467 2154 571 2208 Summa
591 2154 759 2224 expeditionis
779 2155 893 2209 Antonio

97 2228 213 2293 Novello,
234 2226 327 2282 Suedio
345 2227 478 2292 Clementi,
494 2229 698 2299 primipilaribus,
723 2229 825 2284 dimiho
844 2231 893 2286 Pa·

96 2304 174 2369 censi,
196 2303 238 2359 cui
258 2302 404 2374 ademptum
422 2320 438 2356 a
454 2303 535 2358 Galba
552 2304 721 2359 Tribunatum
738 2303 891 2377 reddiderat,

95 2380 225 2452 permissa.
263 2380 356 2434 Curam
383 2379 486 2434 navium
514 2380 598 2438 chs
626 2381 734 2438 libertus
757 2382 891 2448 retinebat,

96 2458 129 2516 ad
149 2456 333 2514 observandam
352 2456 526 2512 honestiorum
546 2456 622 2513 fidem
639 2459 784 2515 comitatus.
820 2461 916 2527 Pedi-3

95 2541 152 2591 tum
181 2535 348 2607 equitumque
372 2533 452 2605 copiis
477 2534 614 2591 Suetonius
638 2537 769 2604 Paulinus,
793 2537 893 2596 Marius

96 2621 194 2686 Celsus,
208 2619 308 2675 Annius
322 2618 417 2686 Gallus,
429 2623 541 2675 rectores
558 2619 686 2677 destinati.
724 2621 774 2678 Sed
786 2623 895 2694 plurima

95 2697 159 2753 fides
174 2697 274 2754 Licinio
293 2697 411 2763 Proculo,
433 2697 550 2754 Praetorii
567 2700 702 2756 Praefecto.
739 2701 767 2756 Is
791 2701 917 2758 urbanas

96 2774 194 2830 militiae
204 2774 321 2846 impiger,
329 2773 452 2830 bellorum
465 2775 585 2842 insolens,
594 2777 771 2832 auctoritatem
785 2777 894 2844 Paulini,

95 2850 210 2922 rigorem
222 2850 300 2916 Celsi,
312 2851 488 2907 maturitatem
500 2852 574 2919 Galli,
587 2856 618 2907 ut
629 2853 722 2924 cuique
733 2855 797 2915 erat,
810 2853 894 2906 erind-

129 2942 186 2982 nc,
193 2943 247 2975 ⁸10¹.
258 2945 284 2977 11.
484 2943 502 2981 E
