2096 3038
66 167 88 204 A
109 165 130 204 D
149 164 192 214 ⁶9]
249 101 503 150 HISTORIARUM
521 101 573 150 111.
592 104 694 151 82-84.
826 105 871 150 155

69 213 201 268 lascivire.
239 213 412 268 Conflixerant
430 222 489 268 ante
507 213 598 268 armati
613 213 742 268 exereitus
758 213 786 268 in
800 211 896 277 urbe,8

72 289 115 344 bis
140 289 225 344 Lucio
247 289 325 354 Sulla,
350 289 429 344 semel
452 289 533 344 Cinna
556 288 710 355 victoribus3
740 307 787 344 nec
810 292 873 344 tunc

70 365 162 420 minus
187 365 360 420 crudelitatis:
388 383 456 420 nunc
479 365 618 420 inhumana
640 365 771 430 securitas,
793 369 820 420 et
840 383 873 419 na

71 441 182 504 minimo
195 441 297 512 quidem
309 441 431 512 temporis
443 441 588 512 voluptates
599 442 757 497 intermissas.
795 441 872 496 Velut

72 519 151 573 festis
165 518 254 573 diebus
266 518 293 572 id
305 536 404 589 quoque
416 517 537 589 gaudium
552 517 690 586 accederet,
703 517 871 582 exsultabant,

73 595 236 660 fruebantur,
251 595 321 648 nulla
331 595 443 665 partium
455 613 522 660 cura,
536 595 608 650 malis
620 595 727 666 publicis
738 595 798 650 laeti.

111 671 255 725 Plurimum
279 671 352 726 molis
376 671 404 726 in
431 672 620 743 oppugnatione
649 675 791 726 castrorum
814 669 871 734 fuit,
881 671 919 724 84

75 766 134 818 quoe
147 747 283 802 acerrimus
296 748 403 818 quisque
414 751 445 802 ut
457 749 619 802 novissimam
632 765 700 818 spem
720 746 871 802 retinebant.

74 825 117 879 Eo
141 825 265 879 intentius
290 825 408 888 victores,
433 825 560 895 praeoipuo
587 828 703 879 veterum
731 823 872 878 cohortium

76 900 174 965 studio,
193 903 286 954 cuneta
302 899 512 954 validissimarum
530 900 632 955 urbium
652 899 756 954 excidiis
773 904 874 970 reperta

77 976 157 1030 simul
185 975 328 1040 admovent,
352 974 514 1040 testudinem,
539 978 674 1040 tormenta,
699 993 812 1046 aggeres,
837 976 874 1028 fa-

79 1069 182 1122 casque,
203 1050 327 1121 quidquid
345 1053 386 1105 tot
406 1050 499 1120 praeliis
519 1050 611 1106 laboris
633 1068 663 1105 ae
686 1050 792 1120 periculi
814 1051 874 1104 hau-

80 1126 184 1194 sissent,
208 1143 284 1197 opere
307 1125 350 1180 ilio
374 1127 542 1182 consummari
565 1126 732 1182 clamitantes.
777 1125 896 1180 Urbem2

80 1203 183 1258 senatui
203 1220 232 1258 cc
252 1202 347 1273 populo
366 1203 489 1268 Romano,
511 1203 606 1274 templa
625 1201 667 1257 dia
688 1201 801 1256 reddita:
819 1220 876 1272 pro·

80 1280 165 1350 prium
177 1297 233 1334 esse
245 1279 332 1342 militis
345 1278 421 1334 decus
433 1281 460 1334 in
472 1279 569 1335 eastris.
606 1279 680 1334 Illam
692 1279 806 1350 patriam,
820 1278 875 1334 illos

80 1360 197 1427 penates.
234 1356 271 1411 Ni
284 1356 371 1411 statim
383 1357 544 1428 recipiantur,
557 1359 659 1411 noctem
674 1356 702 1410 in
713 1355 789 1410 armis
801 1373 875 1426 agen-

23 1455 25 1459 ·
81 1433 147 1488 dam.
195 1433 293 1488 Contra
314 1433 452 1498 Vitelliani,
476 1451 620 1504 quanquam
643 1451 749 1487 numero
772 1432 897 1503 fatoqueu

81 1510 201 1580 dispares,
223 1511 365 1581 inquietare
389 1510 528 1576 victoriam,
550 1510 644 1564 morari
667 1528 761 1581 paoem,
788 1510 876 1565 domos

82 1605 187 1658 arasque
205 1605 294 1642 cruore
312 1586 413 1652 foedare,
432 1605 551 1657 suprema
565 1587 641 1642 vietis
659 1587 751 1642 solatia
768 1586 877 1658 amplec-

82 1663 210 1718 tebantur.
246 1663 327 1718 Multi
345 1663 504 1718 semianimes
523 1682 599 1735 super
616 1671 701 1720 turres
720 1667 747 1718 et
765 1682 876 1734 propug-

82 1740 172 1794 nacula
182 1740 302 1794 moenium
314 1740 481 1810 exspiravere.
518 1740 653 1796 Oonvulaia
667 1741 748 1811 portis
764 1740 876 1810 reliquus

84 1816 176 1886 globus
194 1815 286 1870 obtulit
304 1834 332 1871 se
352 1815 508 1881 victoribus;
533 1821 559 1871 et
579 1817 692 1872 cecidere
712 1835 799 1871 omnes
818 1835 877 1871 oon-

85 1891 169 1944 trariis
193 1890 347 1956 mdneribus,
371 1891 440 1947 versi
463 1892 491 1944 in
513 1892 627 1946 hostem:
659 1911 689 1948 ea
712 1910 774 1947 cura
800 1893 877 1946 etiam

86 1965 251 2020 morientibus
269 1965 354 2021 decori
371 1968 457 2022 exitus
475 1967 533 2021 fuit.
570 1968 697 2032 Vitellius,
714 1971 789 2037 capta
805 1967 900 2032 orbat

87 2059 131 2112 por
142 2059 254 2096 aversam
263 2041 356 2097 Palatii
367 2049 466 2112 partem
477 2043 632 2096 Aventinum
644 2043 671 2096 in
680 2043 783 2096 domum
791 2043 877 2097 uxoris

87 2116 173 2172 sellula
182 2116 303 2182 defertur,
311 2122 349 2186 ut,
359 2119 380 2172 si
390 2119 456 2173 diem
463 2117 561 2172 latebra
569 2119 708 2183 vitavisset,
717 2119 878 2174 Tarracinam

88 2195 119 2250 ad
130 2195 246 2249 cohortes
259 2195 413 2266 fratremque
424 2193 579 2266 perfugeret.
608 2195 677 2249 Dein
688 2194 828 2250 mobilitate
839 2195 899 2256 ina

88 2271 160 2344 genii,
173 2275 200 2326 et
213 2272 281 2342 (quae
293 2276 385 2326 natura
396 2271 496 2342 pavoris
508 2270 573 2340 est)
586 2289 644 2326 cum
656 2271 741 2326 omnia
751 2273 878 2327 metuenti

88 2348 219 2420 prasentia
236 2348 344 2402 maxims
362 2347 532 2418 displicerent,
547 2347 574 2402 in
590 2347 718 2402 Palatium
735 2347 878 2419 regreditur

91 2428 186 2480 vastum
199 2423 385 2495 desertumque,
399 2423 502 2494 dilapsis
514 2424 591 2478 etiam
609 2424 701 2478 infimis
717 2425 878 2480 servitiorum

92 2504 133 2556 aut
151 2519 284 2556 occursum
305 2504 360 2570 ejus
382 2500 574 2556 declinantibus.
611 2501 700 2555 'ferret
721 2500 831 2556 solitudo
852 2505 900 2556 eto

90 2581 198 2632 tacentes
217 2577 281 2644 loei3
311 2580 396 2632 tentat
419 2578 512 2642 clausa,
537 2577 689 2632 inhorrescit
709 2577 810 2643 vacuis3
829 2578 879 2630 fes-

92 2671 180 2724 susque
192 2653 284 2710 misero
301 2671 393 2720 errore,
407 2657 433 2709 et
451 2653 568 2724 pudenda
586 2653 685 2708 latebra
701 2657 781 2708 semet
797 2651 879 2706 oecul-

92 2735 152 2796 tans,
172 2731 204 2787 ab
225 2731 295 2786 Julio
316 2731 427 2800 Placido,
448 2730 551 2788 tribuno
573 2729 693 2794 cohortis,
711 2727 877 2799 protrahitur.
