2086 3026
181 146 229 196 roo
431 114 435 120 ’
515 143 635 194 unc1u1

813 205 850 254 [Α.
860 205 888 245 U.
898 205 921 246 0.
932 206 977 247 ⁸28.

180 254 277 311 uelutis.
313 253 364 310 Sed
383 253 434 309 dno
452 253 544 309 itinera
562 253 687 321 andendi;
711 271 759 309 son
775 255 863 310 nollet
887 256 978 310 atatim

180 349 256 397 arma
272 349 319 386 sen
333 330 415 401 petita
430 329 537 386 navibus
553 331 642 396 Gallia,
663 331 764 386 Duoem
783 349 812 386 se
829 331 978 386 Vitellianis

159 407 333 463 texeroitibus
345 405 498 462 ostenderet.
535 406 608 462 Nihil
618 406 652 462 ed
662 425 694 462 ea
709 409 780 461 moto
797 407 901 472 Pisone,
913 407 980 462 Geu-

180 484 249 538 turio
261 501 277 537 a
288 482 409 538 Muciano
421 482 522 547 misem,
535 486 566 538 ut
578 486 681 554 portum
698 483 862 553 Carthaginis
879 483 979 554 attigit,

181 577 274 630 magna
284 576 346 613 vooe
357 559 416 614 leta
432 558 521 613 Pisoni
536 559 628 623 omina,
646 563 769 628 tauquam
785 558 908 628 Principi,
920 575 980 614 oon-

181 634 298 700 tinuare3
317 634 405 690 oonios
425 637 452 689 et
473 634 564 689 subite
583 634 621 690 rei
644 634 765 689 miraonlo
789 635 924 699 attonitos,
948 637 980 688 ut

160 708 270 764 eosdem
290 708 472 780 adstreperent,
489 710 593 765 hortari.
630 709 731 781 Vulgus
747 709 887 775 medelum,
904 728 980 764 ruere

181 784 209 839 in
221 784 320 839 forum:
338 785 499 856 presentiam
510 786 612 841 Pisonis
628 803 773 856 erposoere.
809 785 913 841 Gaudio
930 785 982 840 ola·

181 859 344 931 moribusque
359 865 452 916 eunota
467 861 615 927 misoebant,
633 861 793 934 indiligentia
810 861 906 917 veriet
919 861 982 916 ndn-

184 935 255 992 laudi
272 936 383 992 libidine.
419 937 487 1003 Piso,
499 937 593 994 indioio
606 938 720 1009 Sagittre,
738 938 780 994 uel
790 937 869 993 insita
880 937 981 991 modes-

182 1014 227 1079 tia,
249 1031 301 1070 non
323 1014 351 1068 in
373 1012 502 1084 publicum
524 1032 642 1086 egressus
666 1018 714 1083 est,
734 1032 816 1086 neque
835 1031 865 1068 se
885 1013 980 1068 studiis

163 1089 255 1162 rongi
274 1089 396 1161 permisit.
441 1089 670 1161 Centurionemque
693 1092 883 1159 pereunotetus,
910 1092 981 1160 post

184 1185 267 1238 qnam,
284 1167 418 1238 quesitum
433 1165 482 1221 sibi
495 1166 591 1221 crimen
606 1167 758 1238 eaedemque,
775 1166 909 1236 oomperit,
930 1166 981 1220 ani·

183 1243 309 1298 madverti
323 1243 350 1298 in
367 1261 425 1298 eum
436 1242 521 1313 jussit,
542 1242 612 1297 hand
628 1242 732 1314 perinde
747 1260 793 1314 spe
813 1242 882 1307 uite,
905 1260 981 1313 quam

183 1316 982 1466 ur..

163 1469 295 1526 soonsulis
306 1470 443 1526 retulisset.
479 1471 564 1528 Aurio
581 1471 671 1527 deinde
686 1471 770 1526 edioto
788 1471 982 1542 Carthaginien·

185 1543 255 1598 sibns
278 1544 417 1614 increpitis,
441 1563 474 1600 ne
497 1547 573 1602 solite
596 1547 698 1619 quidem
721 1547 808 1603 munia
829 1547 982 1618 usurpabat,

184 1618 285 1674 clausus
308 1619 377 1674 intra
399 1620 509 1688 domum,
533 1642 566 1679 ne
589 1642 640 1696 que
657 1627 743 1680 motus
761 1623 821 1680 novi
841 1641 923 1679 musa
941 1624 982 1678 vel

141 1694 252 1756 bolonie
263 1695 381 1750 oriretur.
418 1697 475 1763 Sed,
488 1699 534 1754 nbi
545 1700 623 1755 Festo
639 1700 811 1756 oonstematio
822 1699 903 1771 vulgi,
916 1701 983 1755 Ceu·

185 1770 294 1826 tutionis
314 1771 471 1844 supplicium,
492 1793 602 1847 veroque
625 1780 653 1831 et
671 1776 742 1842 fnlsn,
760 1793 830 1832 more
847 1775 932 1842 iamne,
955 1775 982 1830 in

163 1847 266 1919 2nnajus
282 1847 423 1916 innotuere,
435 1851 533 1922 equites
549 1853 577 1906 in
592 1869 681 1908 neoem
696 1852 797 1908 Pisonis
812 1851 904 1907 mittit.
940 1851 982 1906 Illi

185 1926 279 1998 raptim
296 1927 372 1993 neoti,
387 1927 495 1984 obsouro
513 1928 596 1985 adhuo
613 1933 702 2001 erepte
715 1929 787 1996 lueis,
803 1928 909 1986 domum
921 1930 983 1983 Pro·

185 2003 296 2060 oonsulis
313 2003 464 2076 irrumpunt,
483 2004 612 2062 destriotis
630 2006 737 2078 gladiis:
761 2009 789 2062 et
805 2023 900 2077 magna
917 2023 983 2077 pars,

185 2081 286 2137 Pisonis
306 2081 397 2152 gnari,
416 2081 484 2152 quod
502 2082 596 2137 Poenos
620 2083 754 2138 auxiliares
777 2082 938 2152 Maurosque
957 2081 984 2135 in

185 2175 242 2212 eam
263 2157 358 2213 oedem
378 2155 513 2228 delegerat,
533 2157 602 2213 hand
625 2159 714 2230 prooul
733 2157 857 2222 onbioulo,
877 2157 983 2212 obvium

185 2233 252 2287 forle
264 2251 373 2298 servum,
386 2233 501 2304 quianam
512 2236 539 2288 et
551 2233 596 2289 nbi
607 2239 676 2290 esset
684 2235 765 2290 Pisol
783 2234 983 2304 interrogavere.

162 2308 280 2368 sdervus
296 2309 398 2377 egregio
413 2309 550 2375 mendaoio,
569 2328 597 2364 se
614 2311 734 2366 Pisonem
749 2328 813 2375 esso,
832 2309 983 2380 respondit:

185 2380 321 2461 aestatim
340 2381 514 2438 obtrunontur.
550 2385 607 2440 Neo
627 2386 708 2440 multo
728 2389 788 2456 post
806 2385 868 2440 Piso
885 2385 984 2440 interli-

185 2453 261 2502 ortur.
297 2453 413 2521 Namque
430 2457 524 2522 odoret,
542 2459 587 2529 qui
601 2465 726 2526 nosceret,
742 2461 839 2516 Bebins
857 2460 984 2526 Masone

185 2522 397 2608 ,Pfflmrij
420 2529 521 2597 Afn'ooe,
542 2533 596 2602 jam
618 2539 681 2590 tuno
704 2537 802 2606 optimo
825 2535 920 2606 ouique
939 2553 984 2589 ex·

187 2597 286 2656 reeens,
298 2599 325 2648 et
337 2614 364 2648 ln
376 2615 464 2655 oausas
475 2606 607 2673 malorum,
621 2629 677 2680 quae
688 2629 750 2666 mox
761 2611 875 2675 tulimus,
889 2611 984 2680 saepius

162 2665 323 2728 4rediturus.
358 2669 452 2726 Festus
468 2677 618 2747 Adrumeto,
635 2685 681 2744 ubi
697 2685 903 2756 epeeulabundus
923 2684 984 2740 sub-
