2086 3026
76 222 101 260 A
112 221 137 260 D
147 220 180 262 w
245 159 679 210 H1sT0n1ARUM1v.co-oa
820 161 865 210 197

79 289 129 340 que
152 223 266 324 doininos
289 270 435 326 iecissentss’
471 271 530 340 Alii,
553 271 623 326 nulla
645 270 775 326 dedecoris
799 241 891 337 curat!

78 346 218 416 ριιιιιιιιιιι,
231 350 276 400 aut
288 364 415 401 carissima
426 346 593 418 s1b1me1ps1
586 347 767 403 circumdare
803 345 868 434 Qui-

79 421 137 476 dum
154 421 271 492 expedire
289 441 364 487 arma,
377 423 512 494 telisquot
513 443 621 495 anquam
632 423 659 478 in
671 424 749 478 aciem
761 421 866 492 accingi

78 498 143 552 Hac
154 497 277 552 meditent
277 498 342 566 ibus,
355 499 456 554 advenit
444 499 642 570 tproficiscendi
653 499 722 564 hora,
736 501 867 570 exspecta·

77 573 197 628 tionet
178 575 269 628 nstior.
306 541 433 646 Qbippe'
425 579 494 630 mtra
452 576 611 630 trellum
631 575 778 630 deformitas
737 572 892 630 theudi

77 649 181 719 perinde
192 653 237 704 not
225 649 326 705 tabilis:
345 651 467 706 deterit
430 651 622 739 trgnomiuiam
639 669 743 721 campus
761 655 788 705 et
804 649 867 705 dies.

76 725 198 780 -Revulsa
209 726 414 796 Imperatorum
406 727 536 798 magines,
544 727 696 782 inhonora
676 745 755 798 sigua,
768 726 868 798 fulgen-
934 733 938 742 ’

77 800 146 856 tibus
170 802 229 856 binc
251 803 311 856 inde
335 803 463 858 Gallorum
486 803 601 858 vexillis:
620 803 696 858 silens
720 820 817 874 agmen,
839 804 867 856 et

76 877 148 933 velut
163 878 246 947 longae
262 878 403 948 exsequia:
429 877 482 932 dux
498 877 617 932 (ilsudius
639 878 755 946 Sanctus,
774 877 866 932 effosso

76 953 166 1006 oculo·
197 953 266 1006 dirus
289 970 340 1018 ore,
364 953 466 1023 ingenio
489 953 601 1007 debilior.
640 953 792 1082 Duplioatur
820 953 889 1010 ila-e

77 1026 178 1096 gitium,
193 1031 335 1114 postquam,
352 1027 459 1082 desertis
478 1027 655 1083 Bonnensibus
671 1032 726 1084 cast
727 1028 770 1093 ris,
787 1028 866 1083 altera

78 1120 107 1168 se
130 1101 196 1172 legio
218 1102 362 1158 miscuerat.
398 1103 569 1175 ,vulgato
591 1107 720 1175 captarum
738 1069 867 1174 legionum

77 1163 154 1242 iama,
167 1178 261 1244 cuncti,
274 1196 318 1248 qm
310 1177 404 1249 paulo
417 1145 476 1234 aiite
492 1180 665 1235 Romanorum
676 1197 770 1234 nomen
780 1179 867 1234 borra-

78 1253 149 1319 bant,
130 1257 316 1325 ttprocurrcn
317 1273 344 1310 es
362 1274 394 1310 ex
410 1256 478 1328 egris
493 1257 620 1328 tectisque
632 1259 659 1311 et
670 1255 782 1327 undique
794 1255 868 1310 effusi

77 1332 181 1387 insolito
199 1333 343 1404 spectaculo
358 1334 465 1390 nimium
481 1334 640 1390 fruebantur.
675 1334 737 1388 Non
752 1333 812 1388 tulit
829 1333 892 1389 ι1ι6

76 1409 212 1464 Picentina
223 1409 343 1481 gaudium
358 1410 505 1466 insultantis
519 1411 607 1483 vulgi:
626 1411 768 1482 spretisque
782 1411 868 1466 Sancti

76 1486 207 1557 promissis
227 1489 272 1541 aut
295 1487 377 1554 minis,
400 1487 590 1559 Magontiacum
613 1487 723 1543 obeunt:
736 1505 777 1542 'ac
800 1487 868 1542 forte

76 1562 152 1618 obvio
170 1563 334 1618 interfectore
348 1564 460 1630 Voculae,
479 1564 607 1636 Longino,
625 1564 746 1635 conjectis
764 1564 791 1618 in
809 1579 869 1618 eum

76 1639 142 1704 telis,
167 1639 269 1694 initium
292 1640 450 1696 exsolvenda
469 1641 497 1696 in
520 1645 650 1712 posterum
663 1641 754 1730 ‘culpe
776 1640 867 1696 fecere.

76 1715 221 1845 Legipines,
208 1715 292 1781 ,nibil
303 1719 402 1771 mutato
414 1715 513 1786 itinere,
524 1722 583 1774 cute
594 1717 686 1773 moenia
701 1717 870 1772 l‘reuermum

77 1808 149 1846 consi
165 1795 213 1844 unt

78 1865 200 1920 civilis
217 1868 244 1920 et
261 1866 394 1932 Classicus,
412 1867 488 1922 rebus
505 1868 622 1924 secundis
640 1867 741 1933 sublati,
760 1885 793 1921 an
805 1821 869 1921 colo·
877 1867 914 1920 68

77 1941 146 1996 nium
163 1940 375 2011 Agrippinensem
390 1942 555 2012 diripiendam
571 1947 665 1997 exercit
646 1942 723 1996 tibus
743 1942 796 1996 suis
813 1959 871 2010 per-

12 2051 13 2056 =
77 2016 219 2082 mitterent,
249 2015 403 2072 dubitavere.
440 2017 579 2072 Saevitia
571 2017 710 2088 mgeniie
696 2020 723 2071 et
752 2016 870 2086 cupidine

12 2091 13 2100 ’
77 2091 169 2163 prede
193 2089 226 2144 ud
249 2090 375 2146 excidium
398 2092 509 2147 civitatis
537 2093 719 2148 trahebantur:
751 2090 869 2146 obstabat

77 2168 144 2222 ratio
167 2166 234 2231 belli,
259 2170 286 2222 et
309 2185 403 2222 uorum
426 2168 565 2236 Imperium
594 2167 770 2223 inchoantibus
799 2166 870 2222 utilis

78 2244 218 2300 clementiis
230 2244 303 2302 fama.
335 2245 439 2300 Civilem
450 2245 528 2300 etiam
538 2245 653 2301 beneficii
661 2243 780 2300 memoria
790 2244 892 2313 desita

79 2320 147 2393 quod
164 2320 244 2375 fllium
258 2323 321 2390 ejm,
338 2321 419 2392 primo
437 2339 522 2376 rerum
535 2323 615 2387 motu,
627 2321 655 2375 in
669 2320 766 2376 colonia
776 2320 869 2392 Agrip-

78 2397 178 2469 pinensi
187 2397 377 2468 deprebcnsum,
388 2399 509 2454 honorate
518 2397 698 2454 custodierunt:
717 2397 768 2454 Sed
779 2394 891 2454 Transit

78 2473 197 2530 rhenanis
220 2473 340 2544 gentibus
363 2475 445 2530 inuisa
463 2474 566 2539 civitas,
581 2475 710 2546 opulentia
732 2481 867 2546 euctuque.

78 2550 172 2621 Neque
189 2548 266 2604 ulium
283 2550 359 2606 finem
374 2550 434 2606 belli
450 2550 578 2618 rebantur,
595 2570 671 2623 quam
688 2551 711 2606 si
726 2551 869 2622 promiscua

79 2645 111 2682 ea
127 2624 199 2680 sedes
214 2625 330 2681 omnibus
350 2627 481 2684 Germanis
493 2627 567 2696 foret,
583 2631 635 2695 aut,
653 2627 765 2699 disjecta,
785 2627 868 2682 Ubios

81 2707 181 2776 quoque
204 2701 371 2776 dispersisset.
406 2705 492 2778 Igitur
508 2706 632 2774 Ἕιιιιιιιι,
651 2700 913 2762 Βιιιιιοιιιιιιοιιδι
