2096 3038
90 191 110 229 Α
130 189 149 228 D
166 189 208 238 ⁰9]
276 123 528 174 HISTORIARUM
545 123 581 172 11.
601 126 702 174 88-92.
838 127 881 173 llll

89 239 194 310 Vulgus
206 241 300 301 tamen,
311 255 419 292 vacuum
431 236 507 299 euris,
523 238 549 289 et
567 234 621 290 sine
638 233 697 290 falsi
713 235 817 305 verique
833 235 907 291 dis-a

90 316 197 371 crimine
209 314 295 368 solitas
308 313 465 368 adulationes
477 311 603 378 edoctum,
617 312 725 367 clamore
737 315 763 366 et
779 311 884 368 vocibus

90 390 274 462 adstrepebat;
293 390 464 460 abnuentique
488 405 580 443 nomen
602 389 716 460 Augusti
739 407 885 460 expressere

90 471 122 523 ut
143 471 292 532 assumeret,
314 471 367 520 tam
386 465 483 520 frustra
504 483 580 535 quam
602 470 772 521 recusaverat.
808 466 927 537 Apud9l

91 545 229 608 civitatem,
250 546 342 598 crmcta
359 543 576 613 interpretantem,
598 541 694 597 funesti
716 542 806 597 ominis
829 543 885 598 loco

91 625 224 692 acceptum
247 623 295 684 est,
322 619 391 690 quod
413 620 549 673 marimum
573 619 749 688 pontificatum
774 619 884 690 adeptus

90 699 213 753 Vitellius
225 697 256 752 de
264 697 413 752 cerimoniis
421 697 528 767 publicis
540 695 599 750 XV.
617 695 745 751 Kalendas
753 697 886 768 Augustas

91 775 221 840 edixisset,
234 774 374 845 antiquitus
386 773 498 828 infausto
511 773 551 828 die
559 774 719 828 Cremerensi
726 773 884 844 Alliensique

91 851 213 915 cladibus
249 850 321 905 Adeo
337 850 418 904 omnis
432 850 537 904 humaui
554 849 682 920 divinique
702 849 767 921 juris
785 857 907 922 expetat

7 945 9 972 ι
91 929 147 998 pari
163 927 319 992 libertorum,
338 927 474 981 amicorum
491 925 612 992 socordia,
630 925 700 980 velut
720 926 788 980 inter
802 931 884 982 temu-

91 1003 175 1058 lentos
192 1002 290 1074 egebat.
327 1002 378 1057 Sed
393 1002 496 1057 comitia
513 1001 645 1057 consulum
664 1019 722 1056 cum
742 1001 885 1058 candidatis

92 1080 173 1134 civilit
161 1083 201 1134 ter
222 1079 358 1143 celebrans,
378 1097 479 1133 ornnem
496 1079 588 1132 infimae
604 1076 684 1146 plebis
701 1095 835 1143 rumorem,
857 1080 885 1134 in

91 1155 194 1210 theatro
218 1160 249 1210 ut
273 1158 442 1226 spectator,
434 1177 462 1212 m
485 1155 552 1210 circo
575 1158 605 1211 ut
629 1157 721 1219 fautor,
749 1155 883 1209 affectavit.

93 1233 160 1292 Qua
184 1236 258 1302 grata
281 1249 342 1286 sane
365 1235 392 1285 et
415 1231 553 1302 popularia,
577 1233 600 1288 si
623 1251 639 1287 a
661 1231 742 1286 virtut
730 1229 800 1285 tibus
827 1246 907 1300 pro-3

92 1309 273 1374 ficiscercnt‚ur
299 1307 419 1362 memoria
442 1307 501 1363 rite
509 1309 614 1398 'prioris
638 1307 803 1363 indecoraet
791 1306 886 1361 trilia

93 1385 288 1456 accipiebamur
326 1384 418 1439 Ventit
419 1384 477 1439 abet
465 1385 534 1440 tin
566 1390 689 1451 senatum,
721 1383 796 1440 etiam
827 1401 885 1438 cum

92 1463 177 1533 parvis
190 1461 221 1516 de
233 1461 365 1516 rebust
320 1465 365 1531 pat
365 1479 406 1516 res
418 1461 578 1518 consulerent
566 1467 617 1519 tur.
652 1465 692 1518 Ac
703 1462 770 1517 forte
782 1461 907 1516 Priscust

92 1537 238 1604 Helvidius,
263 1540 358 1608 pretor
385 1537 542 1609 designatus,
570 1544 658 1595 contra
687 1538 801 1594 studium
829 1538 884 1608 ejus

92 1619 234 1670 censuerat.
283 1614 432 1668 Commotus
456 1617 538 1686 primo
567 1617 693 1683 Vitellius,
720 1633 772 1670 nou
799 1618 886 1669 tamen

91 1691 162 1745 ultra
174 1709 248 1762 quam
260 1689 375 1744 tribunos
387 1690 467 1761 plebis
479 1692 506 1746 in
518 1693 638 1747 auxilium
651 1697 742 1764 spreta
751 1691 885 1762 potestatis

92 1767 233 1822 advocarit.
269 1766 334 1820 Mox
368 1767 544 1838 mitigantibus
574 1769 667 1837 amicis,
698 1768 740 1839 qui
771 1767 907 1822 altioremt

91 1843 247 1898 iracundiam
269 1842 325 1913 ejus
348 1842 510 1913 verebantur,
527 1845 591 1898 nihil
613 1845 674 1899 nori
697 1843 824 1910 accidisse,
848 1861 886 1897 ro·

93 1919 204 1990 spondit,
217 1918 284 1990 quod
297 1917 347 1973 duo
360 1923 490 1974 senatores
507 1921 574 1974 inre
586 1920 688 1990 publiea
704 1919 867 1973 dissentirent
878 1937 885 1983 ;

93 1995 197 2050 solitum
209 2013 237 2050 se
256 1995 333 2050 etiam
348 1995 466 2051 Thraseae
478 1995 657 2050 contradidere.
694 1995 801 2048 irrisere
813 1994 907 2063 pleri-6

93 2089 143 2142 que
154 2071 338 2143 impudentiam
350 2071 516 2126 emulationis
526 2094 533 2137 ;
553 2071 608 2125 aliis
623 2072 649 2126 id
661 2072 744 2140 ipsum
762 2069 884 2140 placebat,

93 2148 161 2219 quod
185 2149 310 2203 nominem
334 2165 366 2202 er
389 2147 596 2218 praepotentibus,
621 2147 666 2202 sed
683 2145 829 2209 Thraseam,
854 2143 887 2200 sd

92 2225 220 2296 exemplar
236 2242 302 2280 verae
318 2223 405 2294 gloriae
421 2223 534 2294 legisset.
570 2224 746 2296 Praeposuerat
758 2221 931 2293 pretoria-92

92 2302 133 2356 nis
154 2301 273 2357 Publium
293 2299 423 2364 Sabinum,
440 2318 455 2353 a
475 2301 627 2371 praefectura
647 2299 767 2364 cohortis,
789 2299 887 2354 Julium

92 2379 209 2434 Priscum
233 2381 289 2432 tum
305 2376 498 2432 centurionem:
518 2377 621 2433 Priscus
639 2377 764 2444 Valentis,
778 2375 887 2432 Sabinus

91 2455 200 2510 Goeoinee
212 2455 296 2526 gratia
307 2452 443 2525 pollebant.
480 2454 553 2508 Inter
565 2454 693 2510 discordes
705 2453 811 2509 Vitellio
823 2453 908 2510 nihil2

93 2531 262 2586 auctoritatis.
299 2529 391 2584 Mania
403 2529 501 2600 imperii
514 2530 614 2586 Caecina
625 2551 654 2587 ao
666 2531 761 2586 Valens
773 2529 885 2596 obibant,

92 2607 153 2662 olim
165 2607 235 2662 anxii
252 2607 324 2672 odiis,
338 2623 394 2675 quae
409 2606 476 2662 bello
494 2611 520 2662 et
538 2607 628 2662 castris
646 2608 711 2662 male
729 2605 888 2662 dissimulata

91 2685 205 2755 pravitas
233 2685 372 2740 amicorum
398 2686 425 2739 et
454 2682 563 2740 secunda
591 2683 725 2756 gignendis
748 2680 887 2737 inimicitiis
