2070 3204
74 376 109 422 Α
119 374 146 415 D
155 377 186 417 ⁶⁹
258 314 874 364 HISTORIARUM11.1a-22.ca

73 475 75 480 .
82 377 247 480 ceteralore.
285 426 440 498 sedprimus
453 427 507 484 dics
518 421 917 498 impetumagisquamvete-2l

81 503 137 556 rani
159 502 287 558 exercitus
312 504 409 560 artibus
432 508 546 560 transact
547 523 595 560 us.
623 503 705 574 aperti
727 503 874 574 incautique

80 595 166 634 muros
185 579 294 644 subiere,
307 580 403 636 cibo'
379 600 489 653 vinoque
509 599 661 652 proegraucs.
697 579 731 634 In
746 597 777 634 eo
792 585 874 636 certa-
882 589 897 634 2

80 654 147 710 rnine
170 655 368 727 pulcherrimum
392 657 574 730 amphitheatri
597 675 669 728 opus,
698 656 777 712 situm
800 660 875 712 extra

79 749 173 796 muros,
191 733 363 804 conflagravit,
381 735 435 792 sive
451 735 482 790 ab
497 732 716 806 oppugnatoribus
733 733 873 799 incensum,

80 806 140 862 dum
162 809 230 864 iaces
251 813 277 864 et
295 810 399 880 glandes
420 823 447 867 et
467 811 588 866 missilem
609 810 694 881 ignem
712 809 739 864 in
756 809 873 866 obsessos

74 883 231 955 jaculantur,
261 885 314 941 sive
339 887 371 943 ab
395 888 512 953 obsessis,
538 887 598 942 dum
623 889 721 942 retorta
743 886 872 958 ingemunt.

78 961 236 1033 Municipale
247 963 347 1034 uulgus,
360 983 468 1035 pronum
480 965 513 1020 ad
524 963 687 1034 suspiciones,
701 962 791 1018 fraude
802 963 895 1018 illatae

77 1037 146 1109 ignis
164 1039 283 1094 alimenta
298 1039 405 1096 credidit
420 1060 436 1095 a
450 1040 601 1111 quibusdam
620 1057 634 1094 e
650 1039 740 1094 vicinis
759 1040 872 1109 coloniis,

77 1114 174 1170 invidia
185 1119 212 1170 et
224 1117 390 1183 emulatione,
410 1111 479 1188 quod
495 1117 565 1172 nulla
582 1117 610 1170 in
627 1115 704 1171 Italia
721 1116 801 1171 moles
818 1121 873 1171 tam

78 1209 158 1262 capax
176 1192 250 1247 foret.
288 1193 449 1265 Quocunque
468 1211 530 1248 casu
548 1192 647 1257 accidit,
669 1191 728 1246 dum
748 1193 894 1248 atrociora*

77 1268 227 1324 metuebant
215 1273 266 1334 tur,
279 1269 307 1324 in
322 1269 374 1325 levi
391 1270 522 1336 habit3um
541 1269 642 1325 reddita
659 1269 804 1333 securitate
817 1275 873 1324 tau

78 1363 156 1416 quana
172 1345 235 1400 nihil
250 1347 353 1417 gravius
369 1347 423 1418 pati
438 1347 590 1418 potuissent,
570 1343 754 1401 ttmrereban
790 1344 872 1400 Cete-

76 1439 137 1476 rum
160 1421 240 1476 multo
264 1441 369 1499 suorum
394 1441 483 1478 eruore
507 1423 596 1494 pulsus
625 1421 741 1487 Oaecina3
771 1424 798 1476 et
821 1439 872 1476 nox

76 1498 196 1570 parandis
208 1500 326 1568 operibus
345 1491 649 1572 assumptaVitelliaui
662 1498 762 1568 pluteos
778 1503 871 1554 crates·
862 1515 892 1561 -5

77 1593 128 1646 que
140 1584 167 1630 et
178 1577 264 1632 vineas
276 1578 439 1634 suffodiendis
456 1577 535 1632 muris
549 1575 762 1666 protegendisque
775 1593 871 1647 oppug-

76 1653 278 1718 natoribus,t
242 1654 381 1710 Othoniani
404 1655 527 1710 sudcset
550 1654 685 1708 immensas
709 1651 821 1722 lapidum
841 1670 871 1708 ac

77 1728 176 1798 plumbi
192 1730 298 1801 aerisque
312 1731 391 1786 moles
407 1729 593 1802 perfringendis
609 1727 796 1799 obruendisque
813 1729 871 1784 hoe·

76 1805 147 1860 tibus
166 1807 312 1878 expediunt.
349 1808 478 1878 Utrinque
499 1807 589 1878 pudor,
601 1806 722 1876 utrinque
743 1805 830 1876 gloria,
844 1808 892 1866 eta

77 1881 185 1938 diversae
214 1885 410 1951 exhortationes,
435 1885 495 1940 hinc
522 1884 652 1955 legionum
676 1886 702 1936 et
727 1883 871 1938 Germanioi

76 1959 204 2014 exercitus
225 1960 310 2026 robur,
331 1961 391 2016 inde
409 1960 513 2016 urbanae
532 1959 629 2014 militiae
649 1961 676 2014 et
697 1959 871 2028 praetoriarum

76 2035 221 2090 cohortium
239 2035 316 2091 decus
333 2037 522 2100 attollentium;
545 2036 582 2090 illi
597 2042 628 2090 ut
644 2053 747 2105 segnem
765 2039 792 2088 et
808 2034 871 2090 deei-

77 2109 137 2164 dem
149 2113 175 2164 et
187 2111 254 2166 circo
266 2130 295 2166 ac
306 2112 413 2166 theatris
430 2115 578 2181 corruptum
595 2111 709 2174 militem,
722 2111 750 2164 hi
761 2111 871 2182 peregri·

76 2202 140 2240 num
169 2188 196 2240 et
219 2190 352 2242 externum
380 2186 552 2258 increpabunt.
588 2186 670 2241 Simul
690 2186 818 2240 Othonem
842 2193 894 2245 act

77 2261 211 2316 Vitellium
229 2262 383 2318 celebrantes
400 2263 570 2333 culpantesve,
585 2261 745 2317 uberioribus
761 2261 829 2316 inter
843 2281 871 2318 se

74 2337 176 2411 probris
184 2356 259 2410 quam
271 2338 387 2412 laudibus
397 2338 599 2394 stimulabantur.
635 2337 749 2392 Vixdum
761 2341 819 2394 orto
831 2338 871 2396 dic
878 2339 915 2394 22

74 2415 151 2486 plena
174 2415 407 2486 propugnatoribus
432 2415 532 2484 muenia,
550 2415 679 2487 fulgentes
701 2414 777 2470 armis
798 2415 871 2472 viris·

75 2509 126 2562 que
138 2492 228 2563 campi,
241 2491 348 2547 densum
363 2491 490 2563 legionum
505 2510 603 2563 agmen,
617 2509 704 2563 sparsa
720 2492 870 2550 auxiliorum

74 2586 173 2633 manus,
193 2568 284 2623 altiora
304 2586 434 2623 murorum
457 2567 558 2640 sagittis
580 2572 624 2624 aut
649 2569 717 2624 saxis
735 2569 869 2638 incessere,

73 2644 192 2716 neglecta
210 2649 255 2699 aut
273 2663 326 2700 aevo
344 2645 416 2700 duna
434 2646 574 2701 comminus
594 2645 705 2718 aggredi.
742 2647 893 2718 Ingerunt²

74 2719 184 2791 desuper
205 2721 344 2780 Othoniani
365 2722 423 2793 pila,
447 2721 539 2777 librato
559 2723 640 2794 magis
661 2725 688 2777 et
712 2727 783 2778 certo
806 2723 869 2788 ictu,

74 2797 196 2853 adversus
207 2801 303 2854 temere
316 2798 454 2855 subeuntes
467 2800 584 2855 cohortes
597 2801 781 2868 Germanorum
793 2803 871 2852 cautu

73 2874 188 2932 truciet
205 2893 275 2930 more
293 2875 376 2947 patrio
394 2875 469 2932 nudis
490 2875 638 2946 corporibus
656 2892 733 2944 super
751 2874 870 2927 humeros
