2096 3038
176 104 221 152 ιιι
510 99 629 150 raom

804 161 840 211 [a
850 161 877 201 u.
887 162 909 201 n
920 161 966 204 ssa

174 212 310 270 formidine
327 211 454 278 trahebat,
471 211 499 268 iu
514 215 598 270 eastra
612 214 691 277 vemt,
706 210 820 266 ineertus
836 211 923 278 animi,
939 218 968 266 et

131 291 261 358 temnus
278 289 388 346 eonsiliis
413 289 546 346 obnoxios.
588 289 753 344 Oenoionanti
778 288 970 360 (prodigiosum

175 369 265 436 diotu,)
271 371 371 424 tautum
379 366 502 423 loedarum
509 366 640 422 voluerum
648 366 848 437 supervolitavit,
857 369 888 420 ut
897 365 969 421 nube

176 449 232 501 atro
244 445 311 500 diem
322 444 497 501 obtenderent.
521 445 638 500 Accessit
650 444 733 499 dirum
745 461 826 508 omen,
840 441 969 514 profugus

176 521 297 578 altaribus
314 525 411 586 taurus,
425 520 531 591 disjecto
547 521 663 576 saorifioii
674 523 805 592 apparatu,
818 519 901 590 longe,
918 536 970 574 nee

155 597 222 653 aubi
237 597 308 652 lerini
322 597 419 652 hostias
431 615 485 653 mos
503 600 550 665 est,
562 597 702 654 eonfossus.
740 596 790 652 Sed
807 595 971 666 prseoipuum
1033 631 1034 634 κ

177 675 232 745 ipse
249 673 374 728 Vitelfius‘
392 677 522 728 ostentum
546 677 608 739 erat,
628 677 733 746 ignauis
750 674 854 738 militie,
873 671 971 742 impro-

178 750 252 806 vidus
265 749 369 816 oonsilii,
387 750 444 820 quis
460 749 522 806 ordo
538 751 655 822 agminis,
668 769 724 822 qum
736 769 797 806 aura
808 748 970 821 explorandi,

178 830 289 898 quantus
310 825 443 898 urguendo
461 827 616 884 trahendove
636 827 703 883 bello
722 827 821 893 modus,
841 826 904 880 alios
925 843 972 880 ro-

178 904 270 975 gitans,
289 906 316 960 et
335 903 368 958 ad
388 921 475 958 omnes
495 903 599 959 nuntios
615 904 690 960 multu
704 922 805 975 quoque
820 905 847 958 et
864 903 973 958 incessu

156 979 301 1050 strepidus,
314 978 373 1035 dein
384 980 546 1036 temulentus.
582 980 716 1036 Postremo
728 980 804 1036 taedio
817 981 972 1046 eastromm,

178 1061 205 1112 et
217 1056 304 1112 audita
317 1055 459 1112 detentione
474 1055 628 1112 Misenensis
644 1056 740 1122 elassis,
761 1057 867 1112 Romam
883 1072 973 1109 rerem

179 1135 219 1202 tit,
232 1135 434 1192 reoeutissimum
452 1134 570 1211 quodque
585 1134 678 1191 vulnus
690 1153 793 1206 pavens,
812 1133 904 1189 summi
916 1131 974 1188 dis·

155 1214 290 1270 eoriminis
313 1213 463 1270 inauriosns.
511 1213 580 1267 Nam
603 1231 662 1268 oum
687 1213 833 1284 transgredi
855 1213 973 1283 Apenni-

178 1309 240 1346 num
251 1292 352 1362 integro
364 1290 491 1345 exereitus
503 1289 544 1344 sui
555 1289 646 1345 robore
657 1293 684 1344 et
696 1289 777 1345 fessos
789 1289 874 1344 hieme
887 1293 971 1360 atque

178 1367 263 1437 inopia
280 1367 367 1422 hostes
387 1365 492 1437 aggredi
510 1366 538 1421 in
555 1369 644 1436 aperto
660 1367 734 1432 foret,
758 1365 819 1420 dum
842 1365 973 1437 dispergit

178 1442 253 1507 vires,
266 1442 413 1498 aoerrimum
426 1441 532 1496 militem
549 1446 576 1497 at
592 1443 713 1514 usquein
730 1446 844 1498 extrema
857 1441 974 1497 obstine-

178 1521 235 1574 tum
253 1515 435 1574 trueidandum
448 1517 647 1590 sapiendumque
667 1518 781 1587 tradidit,
805 1518 974 1590 peritissimis

178 1593 357 1650 uenturionum
371 1593 469 1649 dissent
470 1594 625 1651 lentibust
598 1599 633 1661 et,
652 1596 675 1652 ai
686 1595 885 1660 nominentur,
908 1612 975 1650 vera

158 1669 441 1727 sustineamus
453 1687 497 1726 eos
508 1670 592 1726 intimi
604 1672 742 1728 arnioornm
753 1671 860 1737 Vitellii,
870 1671 908 1725 ita
918 1670 974 1726 for-

179 1747 255 1802 matis
266 1745 386 1818 prinoipis
399 1746 502 1803 entibus
513 1750 544 1802 ut
560 1765 655 1819 aspere,
669 1767 725 1819 qun
742 1748 823 1814 utilis,
835 1765 883 1802 neo
895 1746 974 1818 quid-

179 1840 255 1894 quem
266 1823 316 1878 nisi
308 1822 464 1894 juaundum
478 1825 504 1878 et
516 1823 637 1879 laesurum
648 1826 781 1896 aoeiperet

135 1897 173 1958 57
215 1899 266 1956 Sed
277 1899 382 1956 dossum
393 1899 565 1956 Misenensem
578 1901 690 1970 (ιιιιιιιιι
702 1901 819 1956 nulibus
835 1899 972 1955 disoordiis

179 1976 256 2032 etiam
274 1977 431 2048 singulorum
449 1975 555 2034 undamn
571 1977 638 2032 valet
626 1977 658 2046 t,)
673 1977 796 2032 Claudius
811 1976 972 2032 Faventinus

179 2053 302 2119 oenturio,
321 2071 366 2124 per
381 2053 545 2142 ignominiam
563 2070 578 2106 a
596 2053 676 2108 Galba
694 2053 821 2118 dinrmsus,
835 2052 867 2107 ad
885 2052 973 2108 deleo·

178 2130 275 2188 tionem
291 2130 380 2198 traxit,
360 2130 450 2186 tt'tie
431 2133 465 2186 ιιι
483 2129 635 2201 Vespasiani
652 2130 767 2201 epistolis
781 2129 893 2200 pretium
910 2147 972 2199 pro-

156 2205 224 2262 adit
205 2207 282 2262 tronis
293 2171 426 2262 ostentans
428 2207 577 2262 .tPreera
589 2205 665 2261 olassi
677 2206 796 2261 Claudius
805 2205 971 2276 Apollinaris,

178 2300 260 2352 noque
279 2282 338 2338 fidei
356 2285 429 2338 oonst
430 2300 476 2336 ans
495 2299 577 2352 neque
596 2283 744 2338 strenuus'
736 2301 764 2337 m
783 2280 896 2352 perfidia
934 2281 972 2336 Iit

177 2358 287 2427 Apinius
299 2358 367 2422 Tiro,
380 2361 491 2428 praetura
502 2357 615 2424 fimotus,
627 2375 657 2413 ae
671 2362 728 2414 tum
743 2358 811 2413 forte
827 2357 971 2412 Minturnis

178 2450 263 2504 agens,
276 2432 367 2489 ducem
379 2451 406 2488 se
418 2432 589 2488 detentoribus
601 2434 704 2491 obtulit.
740 2436 766 2488 A
781 2433 875 2504 quibua
886 2433 972 2488 muni·

178 2509 244 2578 oipia
263 2507 417 2576 poloniaeque
436 2507 558 2577 impulsa,
577 2510 706 2580 praecipuo
724 2510 924 2565 Puteolanorum
943 2510 972 2564 in

177 2582 364 2653 Vespasianum
380 2581 473 2646 studio,
481 2587 571 2638 eontra
587 2585 676 2654 Capua
693 2585 799 2641 Vitellio
816 2585 874 2652 fids,
886 2585 972 2639 muni-

153 2657 284 2730 teipalem
295 2657 480 2716 amuldionem
491 2657 563 2714 bellis
574 2659 690 2718 uirilibus
702 2660 850 2719 mmoebaut.
886 2659 972 2716 Vitel-
