2096 3038
190 363 223 420 0.
259 361 519 420 CORNELII
552 359 730 418 TAOITI

218 517 266 571 AB
285 517 440 572 Excusso
458 516 539 570 DIVI
557 514 712 570 AUGUSTI

62 679 860 770 HISTORIARUM

303 851 418 907 LIBER
435 851 607 912 QUARTUS

410 1019 515 1033 ἢ

14 1183 15 1190 χ
99 1127 274 1182 Iannnrnouo
283 1127 397 1194 Vitellio,
406 1127 500 1184 bellum
511 1129 592 1200 magis
602 1129 711 1184 desierat
719 1146 794 1199 quam
807 1129 880 1199 paul

14 1261 15 1266 ,
62 1207 184 1274 caeperat.
220 1205 321 1258 Armati
338 1223 383 1274 per
399 1205 488 1260 urbem
504 1205 611 1260 victores
630 1205 781 1276 implacabili
799 1205 857 1259 odic

61 1280 145 1336 victos
158 1280 378 1338 consectabantur.
405 1280 490 1336 Plena
502 1281 612 1336 caedibus
622 1281 677 1348 riae,
688 1284 793 1336 cruenta
802 1281 857 1336 lora

60 1355 214 1427 templaque,
233 1357 327 1426 passim
344 1357 486 1424 trucidatis,
510 1361 541 1412 ut
562 1376 688 1428 quemque
712 1357 765 1412 fors
782 1356 857 1411 obtu-

60 1431 133 1488 lerat.
170 1435 211 1488 Ac
223 1451 289 1499 mcx,
303 1437 456 1504 augescente
467 1434 576 1500 licentia,
591 1434 701 1490 scrutari
712 1452 742 1488 ac
759 1437 879 1504 proba-2

61 1507 122 1564 here
146 1507 260 1576 abditos;
279 1511 304 1566 ai
327 1529 403 1581 quem
426 1528 559 1580 procerum
582 1509 672 1566 habitu
701 1514 727 1564 et
749 1511 856 1582 juventa

62 1589 253 1655 conspexerant,
278 1585 437 1652 obtruncate,
462 1587 532 1642 nullo
560 1587 671 1642 militum
696 1591 741 1641 aut
767 1587 855 1658 populi

62 1659 212 1718 discrimine.
258 1662 324 1722 Quae
347 1664 446 1719 saevitia
468 1663 613 1718 recentibus
642 1663 706 1718 odiis
731 1665 855 1736 sanguine

62 1737 218 1806 explebatur,
237 1738 296 1792 dein
312 1743 425 1794 verterat
443 1739 471 1794 in
488 1739 627 1796 avaritiam.
664 1739 736 1794 Nihil
749 1751 878 1810 usquamt

63 1817 188 1868 secretum
212 1817 257 1869 aut
281 1814 395 1869 clausum
418 1815 543 1883 sinebant,
562 1815 714 1872 Vitellianos
733 1817 855 1872 occultari

63 1887 217 1944 simulantes.
253 1889 360 1944 Initium
372 1890 398 1945 id
410 1891 647 1963 perfringendarum
664 1892 792 1955 domuum,
806 1892 853 1955 vel,

64 1963 87 2018 si
103 1964 273 2028 resisteretur,
290 1983 366 2020 causa
389 1967 463 2022 cudis
473 1990 481 2033 ;
499 1987 546 2024 nec
564 1967 651 2023 deerat
675 1968 854 2038 egentissimus

64 2039 168 2110 quisque
186 2059 201 2096 e
218 2041 291 2112 plebe
308 2044 335 2096 et
352 2042 456 2112 pessimi
474 2044 636 2098 'servitiorum
661 2043 767 2114 prodere
785 2042 854 2096 ultro

65 2115 128 2172 dites
140 2115 272 2172 dominos:
292 2116 335 2172 alii
351 2117 383 2174 ab
395 2119 481 2174 amicis
496 2119 712 2175 monstrabantur.
749 2117 875 2188 Ubiquet

63 2193 177 2262 lamenta,
195 2194 406 2250 conclamationes
423 2200 449 2252 et
469 2198 579 2252 fortunae
594 2201 674 2267 captae
692 2194 771 2260 urbis,
791 2194 853 2249 adeo

64 2274 93 2326 ut
108 2270 244 2328 Othoniani
256 2271 436 2344 Vitellianique
448 2274 536 2330 militis
549 2273 673 2329 invidiosa
690 2275 765 2327 antea
780 2275 852 2342 petu-

64 2345 138 2402 lant'm
149 2347 342 2404 desideraretur.
377 2350 464 2406 Duces
479 2351 591 2421 partiam
607 2348 768 2404 accendendo
784 2348 873 2406 civilio

65 2421 125 2478 bello
142 2442 219 2490 mres,
238 2425 409 2496 temperandae
426 2426 539 2482 victoriae
564 2427 690 2496 imparese
708 2425 801 2496 quippe
825 2425 853 2480 in

66 2502 147 2558 turbas
159 2506 185 2558 et
197 2503 335 2560 discordias
344 2504 455 2574 pessimo
468 2504 559 2574 cuique
571 2503 680 2574 plurima
692 2503 747 2569 vis;
766 2521 816 2574 pax
825 2506 852 2557 et

66 2578 131 2648 quies
147 2579 219 2636 bonis
238 2578 336 2634 artibus
355 2578 480 2651 indigent.
517 2579 619 2636 Nomen
637 2580 772 2650 sedemque
794 2578 877 2636 (iae-2

66 2655 125 2710 saris
135 2655 296 2712 Domitianus
311 2660 450 2725 acceperat,
461 2653 575 2710 nondum
591 2655 622 2710 ad
635 2673 710 2712 curas
727 2655 850 2720 intentus,
