2070 3204
131 71 175 145 'sa
479 97 599 146 rscmr

781 161 816 210 [Δ.
826 161 852 202 U.
859 162 882 202 0.
890 163 937 204 ⁸²2

120 208 249 270 arietaria
270 209 420 280 periturum.
456 209 542 280 Igitur
565 227 634 266 mma
656 210 685 266 in
707 211 864 267 occasionem
884 213 939 268 dis-

141 285 231 352 tulere,
250 287 422 357 Vespasianus
443 287 630 358 Mucianusque
652 305 741 358 nuper,
766 289 852 343 ceteri
874 289 938 344 olim

140 362 228 418 mixtis
246 363 375 430 consiliis3
393 364 506 436 optimus
524 365 631 436 quisquc
648 382 733 420 amore
750 364 789 419 rei
808 365 935 435 publiea:

140 439 235 494 multos
256 439 363 495 dulcedo
383 440 526 512 proedarnm
546 441 700 506 stimulabat,
723 441 785 496 alios
809 442 937 513 ambigam

117 513 209 571 4domi
220 533 269 572 ros.
305 517 349 571 Itu
360 516 419 572 boni
431 517 540 589 malique
552 518 636 574 causis
647 517 762 584 divemm
772 517 858 574 studio
869 518 935 590 pari,

139 591 234 650 bellum
246 609 333 649 omnes
345 594 489 665 cupiebant.

115 673 132 729 8
175 669 229 725 Sub
252 670 319 725 idem
342 673 443 742 tempus
467 671 565 726 Achaia
587 675 665 742 atque
685 671 748 726 Asia
765 670 831 726 saiso
851 674 935 726 exter-

139 746 196 802 rito
218 747 289 802 velut
313 747 385 802 Nero
408 746 565 814 adventaret,
590 749 660 803 vario
684 766 761 819 super
784 748 858 803 cxitu
876 748 935 818 ejus

138 841 248 889 rumore,
264 842 345 895 coquo
361 823 476 895 pluribus
493 825 578 880 vivere
589 842 648 880 enm
659 824 814 896 fingentibus
830 824 935 880 creden·

117 899 265 972 2tibnsqne.
302 901 459 956 Ceterorum
482 919 557 957 casus
580 905 737 973 conatusque
759 901 787 956 in
810 906 934 957 contextu

138 977 222 1046 operis
248 976 376 1032 dicemus:
395 981 458 1032 tuno
482 995 570 1034 servus
594 995 609 1032 c
632 977 717 1032 Ponto
740 978 801 1044 sive,
831 982 861 1032 ut
890 977 934 1033 ulii

137 1052 272 1120 tradidere,
285 1053 419 1110 libertinus
431 1072 463 1110 ox
474 1054 559 1123 Italia,
571 1054 675 1110 cithare
686 1057 714 1109 at
726 1058 816 1109 cantus
825 1054 932 1125 peritus,

138 1129 217 1199 (unde
228 1131 266 1186 illi
276 1150 353 1204 super
365 1131 555 1188 similitudinem
567 1131 619 1186 oris
630 1132 733 1202 propior
749 1131 782 1186 cd
793 1131 932 1186 fallendum

136 1207 220 1278 fides)
232 1208 361 1280 adjunctis
377 1207 549 1264 desertoribus
564 1225 628 1279 quos
647 1208 733 1278 inopia
751 1225 829 1280 vagos
844 1207 932 1280 ingen·

137 1284 207 1340 tibus
230 1285 360 1355 promissis
382 1288 538 1356 corruperat,
561 1303 630 1340 mare
659 1284 818 1356 ingreditur3
848 1303 886 1354 ac,
905 1285 932 1341 vi

136 1365 319 1432 tempestatum
343 1363 473 1434 Cythnum
495 1362 604 1418 maulam
624 1361 752 1428 detrusus,
774 1367 801 1418 et
821 1362 931 1420 militum

136 1438 259 1509 quosdam
271 1439 422 1495 exoriente
434 1440 630 1496 commeantium
642 1438 757 1504 adscivit,
767 1439 808 1495 vel
818 1439 931 1496 abnuen-

135 1518 176 1570 tes
185 1515 294 1571 interfici
304 1515 390 1587 jussit,
400 1520 435 1587 at,
446 1517 561 1589 spoliatis
572 1515 783 1588 negotiatoribus,
794 1517 931 1588 mancipio-

114 1598 193 1646 trum
205 1592 404 1653 valentissimum
416 1611 542 1664 quamquo
553 1593 667 1649 armavit.
698 1593 931 1666 Centurionomqnc

138 1669 278 1734 Sisennam,
292 1668 402 1738 dextras,
413 1669 554 1726 concordie
565 1670 681 1741 insignia,
695 1670 791 1742 Syriaci
803 1671 930 1728 exercitus

136 1747 238 1802 nomine
246 1746 280 1802 sd
287 1747 451 1818 pratorinnos
459 1747 590 1813 serentem,
599 1747 674 1804 variis
684 1747 782 1804 artibus
794 1767 930 1820 aggressus

136 1829 184 1892 ost,
197 1825 277 1882 donee
290 1825 403 1890 Shenns,
415 1824 481 1880 ctam
495 1825 585 1880 relicta
599 1823 689 1890 insula
702 1824 817 1896 trepidus
832 1832 862 1880 et
877 1826 930 1880 vim

113 1903 253 1959 *metuens
265 1902 407 1974 effugeret.
443 1900 508 1957 Inde
519 1901 571 1956 late
582 1905 673 1969 terror,
685 1901 772 1956 multis
785 1901 817 1956 od
825 1901 930 1957 celebri-

135 1985 216 2036 tatem
230 1979 339 2036 nominis
356 1978 447 2035 erectis
464 1996 549 2032 rerum
563 1995 684 2033 noverum
703 1977 821 2048 cupidine
832 1982 859 2034 ct
870 1978 929 2034 odio

110 2059 306 2131 9proesontium.
342 2055 499 2112 Gliscentcm
510 2055 538 2110 in
553 2053 607 2110 dies
619 2055 712 2109 funum
729 2054 783 2110 fors
799 2055 927 2110 discussit.

136 2138 261 2194 Galatiam
279 2155 310 2193 ao
326 2135 501 2208 Pamphyliam
520 2134 662 2205 provincias
679 2133 817 2204 Calpurnio
833 2135 929 2204 Aspre·
1030 2135 1031 2138 ’

134 2217 188 2270 nati
205 2215 329 2288 regendas
346 2213 426 2268 Galba
442 2211 598 2284 permiserat.
634 2211 711 2266 Data
726 2227 741 2265 a
757 2210 837 2265 classe
849 2210 930 2265 Misc-

133 2293 207 2346 neusi
230 2292 287 2346 dus
310 2291 427 2345 triremes
450 2287 484 2343 ad
512 2286 725 2359 prosequendum,
752 2304 809 2342 cum
835 2286 929 2357 quibus

110 2368 265 2438 2Cpthnnm
281 2366 390 2420 insulam
406 2365 499 2419 tenuit.
536 2365 593 2419 Neo
605 2363 708 2419 defuere
720 2363 764 2434 qui
776 2363 929 2418 trierarchos

134 2444 236 2498 nornine
249 2441 360 2497 Neronis
372 2441 490 2495 meinent.
526 2441 563 2505 Is,
576 2441 603 2495 in
614 2440 760 2496 mestitiam
771 2439 928 2511 compositus

134 2525 162 2575 et
173 2520 248 2574 fidam
260 2535 365 2573 suornm
383 2519 510 2588 quondam
525 2517 635 2572 militum
647 2518 775 2582 invocans,
788 2521 818 2572 ut
830 2535 888 2572 enm
900 2517 928 2572 in

112 2591 208 2667 ⁸Sym‘a
223 2599 268 2650 aut
280 2595 393 2666 AEgppto
409 2594 529 2650 sisterent
546 2593 641 2648 orabat.
677 2594 820 2650 ihierarehi
835 2598 928 2648 nutan-

134 2677 182 2740 tes,
194 2691 241 2730 seu
253 2672 318 2739 dolo,
332 2669 495 2743 alloquendos
507 2669 557 2726 sibi
567 2670 660 2727 milites
671 2675 699 2728 st
707 2672 803 2743 parutis
813 2671 927 2728 omnium
