2096 3038
99 211 245 264 lm
260 148 514 206 ursnonrnnun
532 153 583 204 ιιι
602 156 707 207 aa-en
843 155 888 207 ιιι
955 211 957 217 ,

132 269 168 322 At
180 215 308 331 Vitellium,
321 265 435 337 profecto
447 265 554 331 Gemma,
566 279 623 320 oum
638 265 745 321 rebium
756 265 891 322 Valentem
900 259 937 318 bb

97 343 184 414 paucis
196 346 255 412 post
264 342 352 398 diebus
361 341 394 396 ad
404 339 498 396 badum
510 339 660 411 impulisset,
669 343 737 397 curis
748 342 836 397 luxum
848 343 891 399 ob·

96 418 225 474 tendebat.
261 419 324 473 Non
340 435 429 488 parare
441 431 516 484 arma,
528 435 580 472 non
595 417 704 488 alloquio
719 417 891 490 exercitioque

96 495 201 550 militem
213 494 322 559 firmare,
330 511 382 548 non
393 493 421 548 in
431 509 475 548 ore
486 493 559 565 vulgi
570 511 645 565 agere
656 511 665 559 ;
682 493 727 548 sed
738 493 891 551 umbraculis

97 571 229 626 hortorum
241 569 342 626 abditus
355 573 397 640 (ut
415 569 507 641 ignava
525 570 649 636 animalia,
662 570 755 641 quibus
773 570 796 626 si
807 572 891 628 cibum

96 663 227 719 suggeras,
234 647 320 717 jacent
328 647 501 718 turpemque)
509 647 646 718 praeterita,
655 646 784 713 instantia,
794 648 889 716 lutura,

96 724 152 794 puri
163 723 290 779 oblivione
300 723 438 778 dimiserat.
462 725 549 793 Atque
560 723 631 778 illum
640 723 667 778 in
676 741 777 779 nemora
786 724 915 779 Aricinot

97 799 209 854 desidem
221 803 248 855 et
259 803 414 854 marcentem
422 797 532 869 proditio
543 799 637 854 Imoilii
649 799 732 864 Bassi,
743 815 772 855 ac
781 799 891 856 delectio

97 876 185 931 elassis
197 875 355 931 Ravennatis
367 873 484 946 perculit.
514 876 571 930 Nec
582 875 664 929 munito
675 879 734 946 post
746 875 778 930 de
790 876 915 934 aninall

97 953 204 1006 ademar
217 952 316 1005 mixtus
332 949 425 1021 gaudio
441 949 519 1014 dulor,
537 953 563 1004 et
578 949 713 1006 deornm
729 954 756 1005 et
772 952 803 1007 ab
819 969 903 1008 ener-v

98 1027 154 1081 citu
176 1027 297 1080 unctum.
333 1025 396 1080 Plus
420 1025 487 1094 apud
514 1025 644 1079 socordem
668 1026 779 1081 orimum
801 1027 915 1090 letitiae

99 1119 176 1171 quam
193 1117 255 1156 eura
270 1100 359 1156 valuit.
396 1099 482 1154 Multa
498 1116 557 1154 cum
572 1101 741 1157 exsultatione
758 1103 786 1157 in
802 1104 891 1159 urbem

99 1181 225 1242 revectus,
237 1175 365 1246 frequenti
377 1174 504 1240 concione,
517 1177 640 1246 pietatem
651 1177 761 1232 militnm
773 1177 890 1234 laudibus

99 1254 221 1310 cumulat.
264 1251 384 1308 Publium
402 1251 531 1322 Sabinum,
550 1253 662 1322 pretorii
679 1253 835 1323 praelectum,
858 1254 891 1310 ob

99 1329 236 1386 amicitiam
247 1329 355 1384 cccmus
366 1327 456 1383 vinnai
461 1325 544 1398 jubet,
553 1328 695 1384 sumbtnto
706 1329 824 1386 inlocum
834 1331 890 1402 ejus

98 1406 201 1462 Alicnio
212 1405 290 1460 Varo.
326 1405 392 1459 Mox
404 1408 528 1470 senatum,
541 1405 681 1476 composita
691 1406 719 1460 in
730 1407 890 1478 magnificem
899 1403 937 1464 87

98 1483 161 1538 tiam
173 1483 295 1546 oratione,
305 1481 437 1549 allocutus,
445 1481 579 1552 exquisitis
591 1485 692 1552 patrum
705 1479 890 1538 adulationibus

99 1559 232 1615 attollitur.
269 1557 375 1613 initium
387 1559 480 1613 abonis
496 1558 523 1612 in
540 1557 665 1613 Geciuam
679 1560 812 1615 sententie
828 1560 889 1615 aIr.

99 1636 205 1691 Vitellio
224 1635 336 1700 iactuum
354 1634 414 1689 dein
434 1634 528 1698 ceteri,
549 1635 689 1705 composita
709 1635 890 1708 indignatione,

26 1735 28 1740 ·
100 1712 169 1783 quod
197 1711 286 1767 consul
315 1709 503 1782 rempublioam,
526 1711 579 1765 dux
602 1711 786 1782 imperatorem,
810 1711 891 1767 tantia

99 1788 199 1858 opibus,
215 1791 256 1841 tot
273 1787 418 1852 honoribus,
435 1789 587 1855 cumulatus,
603 1787 712 1842 amicum
729 1788 889 1858 prodidisset,

16 1893 24 1908 ·
99 1863 171 1918 velut
182 1879 229 1933 pru
242 1862 344 1916 Vitellio
361 1866 552 1932 conquerentes,
564 1879 639 1917 suurn
656 1863 767 1918 dolorem
778 1864 891 1934 profere-

100 1939 170 1993 bant.
215 1937 296 1992 Nulla
318 1939 345 1991 in
365 1937 479 1992 oratione
502 1937 651 2008 cujusquam
674 1953 735 2008 erga
758 1940 913 1994 Flavianosa

101 2012 179 2067 duces
203 2011 370 2066 obtrectatio:
398 2029 507 2067 amorem
528 2013 773 2084 imprudentiamque
796 2015 891 2069 exerm-

101 2092 176 2143 tnum
186 2087 326 2158 culpantes,
334 2087 485 2157 Vespasiani
491 2105 583 2142 nomen
595 2089 712 2159 suspensi
721 2093 748 2143 et
759 2087 892 2144 vitabundi

100 2163 275 2220 circumibant.
311 2163 368 2218 Nec
391 2163 472 2218 defuit
495 2163 540 2234 qui
561 2181 641 2218 unum
659 2163 891 2222 mosebrunnen

102 2242 135 2310 (is
148 2239 215 2295 enirn
226 2238 346 2295 inlocum
357 2238 463 2294 Οωσὶιιιι
479 2241 630 2309 supererat)
640 2255 733 2311 magno
745 2259 802 2296 cnm
814 2242 891 2298 irrisu

99 2316 237 2372 tribuentis
245 2315 445 2386 accipientisque
457 2314 634 2371 eblandiretur.
665 2312 751 2372 Pridie
763 2318 916 2374 Kalendast

101 2392 259 2450 Novembres
271 2391 366 2447 Rosius
379 2391 493 2462 Regulus
504 2391 561 2446 iniit
575 2393 741 2464 ejuravitque.
777 2395 892 2450 Aunctu

100 2471 162 2526 baut
179 2469 261 2542 periti,
274 2487 405 2540 numquam
421 2473 503 2533 antea
522 2485 575 2523 non
591 2469 714 2541 abrogato
732 2472 892 2542 magistratu,

99 2565 183 2618 neque
194 2546 249 2618 lege
260 2545 320 2610 lata,
333 2545 410 2600 alium
422 2545 565 2600 suffectum.
601 2545 669 2600 Num
683 2547 776 2601 eonsnl
787 2563 839 2602 uno
851 2545 892 2601 dia

100 2627 128 2678 at
145 2625 205 2677 ante
221 2623 306 2678 fiuent
323 2621 446 2677 Caninius
464 2621 579 2687 Rebilus,
598 2621 627 2677 0.
640 2622 742 2678 cesus
758 2622 891 2686 dicim,

101 2717 160 2754 cnm
171 2697 437 2769 belliciriliapramia
447 2697 637 2754 iestiuuentur.
866 2729 896 2740 ,.
