2104 3022
88 185 240 240 mm]
278 187 279 190 Ἴ
331 128 515 178 aaarcons
530 132 636 178 so-ss.
828 132 872 180 aar

90 237 228 295 mitiacum.
262 238 316 298 Qui
338 243 443 310 paratus
466 239 632 306 simulatione,
656 240 684 295 in
706 241 899 312 arrogantiam

88 313 247 383 compositus,
269 318 296 370 et
315 315 395 370 audiit
416 333 502 387 preces
523 316 675 382 excusantis,
697 320 731 382 el.
754 333 811 372 eum
831 335 875 372 an·

86 389 190 456 auisset,
206 391 248 462 agi
264 391 312 446 sibi
329 392 424 463 gratias
440 410 531 462 passus
548 399 596 457 e'st,
615 409 662 448 nec
680 391 781 448 erubuit
799 392 874 448 bene-

85 463 135 518 ficii
149 465 250 522 invidia
286 468 410 523 Salarium
426 471 513 524 tamen
530 468 700 539 proconsulari
719 469 822 524 solitam
836 469 874 524 of·

85 538 152 608 ferri,
164 544 190 595 et
202 541 352 612 quibusdam
367 561 383 598 a
398 561 426 598 se
442 545 500 614 ipso
516 561 670 612 concessum,
682 545 807 616 Agricola
823 563 874 600 non

85 614 161 681 dedit,
174 617 227 672 sive
239 619 350 675 offensus
366 637 418 675 non
428 621 546 691 petitum,
559 621 613 676 sive
624 639 657 676 ex
668 621 828 686 commentia,
841 639 874 676 ne

6 691 7 694 ’
84 691 420 761 quodvetueratvideretur
435 697 534 751 emisse.
571 697 706 767 Proprium
720 697 898 752 hamarim-4

83 768 150 838 genii
160 773 207 842 ,est
225 770 307 826 odisse
326 791 400 843 quem
418 771 527 827 laseris:
547 773 688 828 Domitiani
705 791 765 828 vero
782 777 875 828 natura

82 861 192 916 praeceps
212 847 241 901 in
259 847 323 902 iram
343 851 377 912 et,
398 865 449 918 quo
470 847 608 913 obscurior,
627 866 658 903 eo
678 849 873 916 irrevocabilior,

6 957 7 972 ,
81 920 253 977 moderatione
271 927 356 978 tamen
376 921 561 994 prudentiaque
579 923 705 992 Agricola
724 923 872 989 leniebatur,

82 996 141 1065 quia
160 1014 212 1051 non
229 999 388 1054 contumacia
404 1017 487 1068 neque
507 997 576 1052 inani
589 998 730 1067 jactatione
747 997 873 1054 libertatis

80 1069 172 1126 famam
184 1073 315 1144 latumque
332 1073 491 1142 provocabat.
528 1073 621 1138 Sciant,
636 1073 728 1144 quibus
744 1074 820 1128 moris
832 1078 901 1130 este

80 1145 168 1200 illicita
178 1149 271 1214 mirari,
285 1166 361 1216 possa
373 1149 450 1204 etiarn
462 1147 509 1203 sub
518 1148 590 1203 malis
599 1147 755 1219 principibus
766 1167 872 1220 magnos

79 1221 148 1277 viros
164 1241 226 1288 esse,
239 1223 438 1296 obsequiumque
454 1242 484 1280 ac
494 1223 651 1289 modestiam,
665 1224 688 1280 si
703 1223 829 1279 industria
843 1243 872 1280 ae

79 1298 153 1369 vigor
169 1299 259 1366 adsint,
277 1318 307 1355 eo
325 1300 407 1356 laudis
423 1299 552 1366 excedere,
570 1318 621 1371 quo
638 1300 750 1371 plerique
767 1319 813 1371 per
829 1301 872 1356 ab·

79 1377 164 1446 rupta,
176 1375 221 1431 sed
235 1377 262 1432 in
272 1376 371 1432 nullum
386 1376 531 1448 reipublice
546 1394 629 1442 usum,
642 1375 775 1432 ambitiosa
790 1381 872 1432 morte

78 1449 260 1507 inclaruerunt.

113 1527 184 1582 Finis
204 1529 263 1584 vitae
283 1529 339 1601 ejus
359 1529 432 1586 nobis
452 1530 592 1598 luctuosus,
612 1529 698 1584 amieis
718 1528 808 1598 tristis,
829 1535 918 1589 ass-43

77 1603 173 1658 banaia
195 1605 271 1660 etiam
291 1605 435 1678 ignotisque
452 1624 504 1661 non
525 1606 579 1661 sine
597 1623 658 1662 cura
678 1605 735 1661 luit.
770 1606 871 1679 Vulgus
880 1617 946 1697 ⁴33⁰·

78 1696 179 1750 quoque
199 1685 226 1736 at
247 1681 289 1737 bic
310 1682 379 1737 aliud
399 1700 476 1754 agens
494 1682 603 1754 populus
621 1686 648 1738 et
667 1683 823 1738 ventitavere
840 1683 872 1737 ad
886 1714 907 1744 a.
918 1687 941 1751 »ζ

77 1753 181 1810 domum
198 1761 225 1811 et
240 1776 286 1828 per
303 1758 359 1814 fora
378 1762 405 1813 et
425 1759 532 1814 cuculos
549 1759 629 1814 locuti
647 1763 722 1824 sunt;
741 1777 788 1814 nec
805 1759 872 1829 quis·
893 1757 924 1796 ⁰³·

76 1848 153 1900 quam
165 1833 252 1888 audita
264 1839 345 1890 morte
357 1835 484 1906 Agricolae
497 1838 542 1888 aut
554 1837 655 1888 laetatus
668 1838 771 1898 autaut
783 1835 871 1888 atatim

75 1905 171 1962 oblitus
194 1912 242 1964 est.
290 1911 409 1981 Angebat
432 1909 618 1964 miserationem
643 1912 762 1962 constans
785 1918 896 1963 rumor2

74 2000 173 2038 veneno
196 1983 373 2056 interceptum.
410 1984 493 2040 Nobis
516 1983 580 2037 nihil
600 1983 726 2051 comperti
749 1983 871 2037 affirmare

74 2059 164 2114 ausim.
202 2062 328 2116 Caeterum
348 2080 394 2131 per
418 2077 518 2116 omnem
541 2057 706 2114 valitudinem
729 2058 793 2127 ejus,
817 2076 871 2113 cre-

6 2157 7 2176 1
73 2133 145 2190 brius
167 2153 244 2208 quam
265 2155 299 2192 ex
319 2155 389 2192 more
410 2136 578 2207 principatus,
600 2152 646 2206 per
665 2133 769 2188 nuntios
789 2133 869 2188 visen-

71 2209 116 2276 tis,
135 2215 162 2266 et
182 2211 331 2267 libertorum
351 2213 426 2283 primi
448 2216 474 2267 et
492 2211 647 2266 medicorum
666 2209 750 2264 intimi
769 2227 868 2274 venere,

71 2285 128 2342 sive
152 2305 213 2343 eura
226 2288 299 2344 ‘illud
323 2289 377 2344 sive
399 2288 530 2360 inquisitio
556 2291 618 2343 erat.
668 2286 791 2356 Supremo
815 2286 894 2358 qui-3

70 2363 131 2417 dem
151 2364 193 2419 dio
213 2369 342 2420 momenta
359 2365 416 2435 ipsa
434 2364 573 2420 deficientis
591 2381 637 2434 per
657 2362 792 2434 dispositos
813 2381 871 2418 cur-

69 2455 144 2494 sores
168 2441 287 2496 nuntiata
311 2441 452 2508 constabat,
476 2441 546 2496 nullo
570 2440 689 2496 credente
715 2440 752 2496 sio
776 2440 870 2496 accele-

68 2515 123 2570 rari
136 2535 192 2587 quse
203 2517 286 2572 tristis
298 2517 406 2572 audiret.
444 2517 559 2588 Speciem
570 2520 657 2572 tamen
674 2516 768 2572 doloris
785 2517 868 2572 arrium

6 2649 7 2652 ,
67 2592 196 2664 vultuque
208 2611 300 2664 praee
316 2594 385 2659 tulit,
399 2611 503 2649 securus
517 2597 570 2664 jam
588 2593 647 2658 odii,
665 2597 692 2648 et
708 2593 753 2664 qui
768 2591 867 2646 facilius

67 2667 243 2726 dissimularet
260 2669 382 2741 gaudium
400 2687 475 2742 quam
495 2673 601 2725 metum.
637 2669 705 2724 Satis
725 2665 891 2728 constabat,4
