2086 3026
160 97 205 146 lto
496 94 618 146 unctui

792 157 828 205 [s.
839 156 866 195 u.
877 157 901 196 e.
908 157 954 198 ssa

157 205 261 277 poribus
284 208 374 271 fossum
392 223 440 262 neo
463 206 532 262 caede
555 209 658 262 tantum
680 208 707 262 et
727 204 885 271 vulneribus,
908 205 957 262 sed

135 283 232 338 truina
243 285 270 338 et
281 282 335 338 suis
352 281 466 352 plerique
477 282 536 338 telis
548 282 674 338 interiere.
711 282 839 346 Victores,
852 281 958 336 colonia

157 358 383 431 Agrippinensium
399 358 487 426 vitata,
506 359 569 416 nihil
586 361 679 416 cetero
696 358 724 414 in
746 359 839 414 itinere
860 359 958 416 hostile

158 436 222 502 ausi,
247 437 381 492 Bonnense
405 435 519 506 prelium
542 434 706 502 excusabant,
729 438 852 506 tanquam
871 435 959 506 petita

158 531 228 582 pace,
240 517 376 583 postquam
387 511 535 583 negabatur,
549 512 651 568 sibimet
663 511 713 582 ipsi
724 511 923 568 consuluissent.

114 590 149 642 21
193 589 289 654 Civilis,
314 589 427 644 adventu
450 593 627 646 veteranarum
651 589 796 644 cohortium
816 589 883 659 justi
902 590 957 660 jam

158 665 285 720 exercitus
297 664 395 733 ductor,
407 664 453 722 sed
461 665 559 722 consilii
568 665 702 736 ambiguus
714 668 741 720 et
750 665 801 720 vim
811 665 957 720 Bouianum

158 747 287 810 reputans,
312 744 418 798 cunctos
443 741 488 811 qui
516 741 621 796 aderant
644 741 672 796 in
695 740 773 796 verba
801 741 959 812 Vespasiani

159 816 247 888 adigit,
260 817 391 888 mittitque
409 817 507 888 legatos
525 817 558 874 ud
574 817 638 874 duas
653 817 774 888 legiones,
788 835 854 888 qure,
870 819 960 888 priore

158 893 211 950 acie
234 893 321 964 pulsu,
345 894 373 950 in
395 895 493 950 Vetera
515 897 600 952 castra
623 896 808 960 concesserant,
830 898 863 948 nt
886 894 961 950 idem

136 975 342 1028 nsacrsmentum
366 971 516 1041 acciperent.
554 970 682 1026 Redditur
705 987 864 1040 responsum,
887 975 906 999 ‘⁶
914 990 960 1026 ne

158 1066 208 1116 que
219 1047 355 1118 pmditoris
367 1065 450 1118 neque
461 1047 575 1102 hostium
593 1065 621 1102 se
633 1046 745 1102 consiliis
758 1046 812 1102 uti:
832 1063 891 1102 esse
909 1047 960 1104 sibi

158 1124 291 1184 Vitellium
314 1123 460 1194 principem,
485 1141 532 1194 pro
556 1141 608 1194 quo
631 1121 707 1180 tidem
728 1125 755 1178 et
779 1140 960 1195 armatusque

159 1201 192 1258 sd
215 1219 361 1272 supremum
384 1199 502 1270 spiritum
526 1203 688 1266 retenturos3
715 1199 822 1269 proinde
845 1200 961 1272 perfuga

159 1279 273 1337 Batavus
291 1277 424 1334 arbitrium
441 1293 526 1333 rerum
545 1277 718 1332 Romanarum
736 1294 770 1330 ne
787 1280 884 1347 ageret,
914 1277 960 1333 sed

137 1355 262 1412 americus
279 1354 382 1412 sceleris
399 1371 486 1425 poenas
503 1355 689 1424 exspectaret.”
727 1353 793 1414 Qun
810 1351 856 1408 ubi
873 1353 960 1410 reluta

160 1430 243 1495 Civili,
267 1431 385 1488 incensus
408 1429 447 1486 ira
469 1429 613 1488 universam
629 1429 787 1485 Batavorum
804 1431 913 1500 gentem
932 1431 959 1486 in
1024 1454 1029 1463 ·

160 1524 229 1562 arma
240 1506 314 1574 rapit.
349 1507 500 1577 Jungnutur
511 1507 631 1564 Bructeri
642 1507 811 1577 Tencteriwe
823 1509 852 1562 et
870 1508 960 1564 excita

114 1587 152 1640 22
160 1581 256 1640 nuntiis
269 1581 404 1637 Germania
415 1582 447 1638 cd
456 1583 567 1653 predam
578 1583 729 1654 famamque.
766 1582 898 1638 Adversus
910 1584 958 1640 bns

159 1661 339 1714 concurrentes
357 1657 417 1714 belli
434 1659 515 1716 urinas
532 1660 611 1732 legati
628 1661 765 1732 legioumn,
776 1659 885 1714 Munius
903 1661 959 1716 Lu-

160 1753 252 1806 percus
264 1737 290 1790 et
302 1733 437 1792 Numisius
449 1736 543 1803 Rufus,
556 1737 650 1794 vallum
662 1755 799 1808 murosque
810 1735 958 1792 firmabant.

161 1811 288 1870 Subversa
298 1811 381 1882 longa
393 1812 462 1882 pacis
474 1830 558 1880 opero,
571 1813 640 1868 haud
652 1813 741 1884 procul
752 1812 842 1868 castris
858 1813 887 1868 in
898 1831 957 1870 nro·

138 1889 221 1948 ndum
232 1888 363 1960 municipii
375 1891 559 1957 exstructam
573 1889 691 1948 hostibus
703 1889 762 1946 usui
773 1889 866 1947 forent.
904 1889 959 1946 Sed

159 1989 250 2042 parum
261 1969 391 2040 provisum
402 1971 432 2024 ut
444 1969 523 2040 copiae
535 1969 562 2024 in
569 1971 653 2026 casua
664 1969 881 2026 conveherentur:
898 1968 959 2039 rapi

159 2048 303 2120 permisere.
338 2047 382 2102 Ita
399 2045 486 2116 paucis
504 2045 593 2102 diebus
611 2065 657 2118 per
674 2046 801 2104 licentium
820 2045 959 2116 absumpta

160 2129 228 2191 sunt,
242 2143 300 2197 quae
312 2123 433 2180 adversus
445 2123 610 2180 necessitates
628 2124 657 2180 iu
667 2123 773 2193 longum
785 2123 957 2178 suffecissent.

137 2203 256 2270 univiris,
265 2200 377 2259 medium
386 2217 477 2272 agmen
488 2217 547 2256 cum
558 2199 650 2256 robore
661 2200 817 2258 Batavorum
827 2199 957 2265 obtinens,

159 2281 294 2344 utramque
318 2276 404 2330 Rheni
426 2276 514 2344 ripam,
540 2294 590 2346 quo
611 2277 780 2332 truculentior
800 2277 858 2332 visu
879 2276 957 2342 foret,

162 2350 345 2402 Germanorum
365 2351 475 2406 catervis
493 2351 611 2422 complet,
630 2352 770 2408 assultante
787 2370 833 2423 per
851 2369 959 2422 campos

161 2419 255 2484 equits.
292 2420 373 2474 Simul
392 2439 469 2479 naves
488 2426 516 2482 in
534 2427 668 2482 adversum
686 2446 786 2484 amnem
803 2427 958 2498 agebantur.

140 2490 233 2574 4311}ss
256 2493 432 2574 veteranarum
451 2500 594 2556 cohortium
615 2503 696 2574 sigua,
716 2504 775 2558 inde
794 2503 959 2576 depromptus

164 2562 358 2630 ⁸¹1V¹⁵¹1101⁵q110
372 2565 482 2624 ferarum
497 2575 628 2646 imagines,
644 2582 675 2633 nt
690 2579 783 2650 cuique
801 2580 873 2649 genti
891 2579 960 2634 inire

164 2634 279 2702 prelium
299 2653 354 2690 mos
373 2642 420 2703 est,
442 2645 524 2702 mixta
541 2649 601 2706 belli
622 2654 702 2710 civilis
721 2657 871 2726 externique
891 2655 959 2712 iscie

1035 101 1038 200 l

1035 1777 1038 1864 l
