2086 3026
261 151 521 204 HIsroalaauMs
532 153 577 203 1v.
593 155 695 204 ‹te-71.
825 157 872 202 2⁰8

1 222 4 283 [
85 215 255 322 ssffl'lm
274 267 405 333 exuerant,
425 265 601 337 perfugerant.
636 263 763 336 Iegiones
784 279 800 318 a
818 263 874 318 No·

0 346 1 371 ¹
84 341 154 396 vasio
172 341 313 412 Bonnaque
330 342 359 396 in
376 341 507 407 lbeveros,
528 344 559 396 at
578 358 655 412 supra
670 339 872 404 memoravimus,

4 475 5 483 ¹
84 416 215 484 traducta,
234 435 263 472 se
282 417 344 488 ipsa
359 416 387 472 in
401 417 479 473 rerba
494 417 644 488 Vespasiani
658 415 772 488 adigvmt.
807 415 894 476 Haeot

84 492 221 548 Valentino
240 493 345 548 absente
368 496 459 564 gesta:
477 493 521 564 qui
538 493 584 548 ubi
607 491 759 548 adventabat
777 491 873 559 finnus,

0 591 1 596 ¹
83 572 227 641 aurataque
250 587 339 624 rursus
362 570 390 626 iu
411 569 500 626 turbas
521 569 674 626 sterilium
695 585 871 634 eonversurus,

0 644 1 663 ³
83 644 196 716 legiones
219 645 247 700 in
266 645 480 712 Mediomatrioos,
500 645 594 702 aoniam
613 645 749 712 deitatem,
773 643 872 699 abares

83 739 147 776 sere.
184 721 335 778 Valentinus
358 739 389 777 aa
411 722 493 778 Tutor
515 722 543 776 in
563 739 633 776 arma
650 721 774 776 lbaveros
791 725 894 779 retra-8

83 797 165 853 hunt:
183 799 273 854 occisis
289 797 421 854 Herennio
437 815 468 852 ao
482 797 608 866 Numisio,
626 797 740 868 Legatis,
759 813 809 868 quo
826 796 871 851 mi-

83 891 145 930 nore
157 893 203 946 spe
214 875 295 930 venia
306 876 433 930 oresoeret
444 873 573 929 vinculum
585 873 694 928 seeleris.

116 951 170 1006 Hie
189 951 249 1005 belli
264 953 349 1004 status
364 951 428 1014 erat,
445 965 504 1003 eum
521 949 627 1004 Petilius
644 947 749 1004 Cerialis
762 947 913 1018 Magon-71
943 949 946 955 ’

1 1027 4 1034 ’
82 1025 268 1082 tiaoumvenit
303 1025 491 1096 Iljusadveutu
505 1029 595 1082 ereata
606 1043 672 1095 spes.
707 1025 871 1098 Ipsepngns

1 1161 2 1167 χ
83 1101 172 1156 avidm
186 1105 217 1162 ,et
232 1100 430 1166 contemnendis,
448 1117 523 1172 quam
542 1101 667 1168 navandis,
681 1099 798 1155 hostibus
820 1118 871 1155 me·

82 1177 138 1242 lior,
150 1176 244 1232 lerooia
254 1176 388 1234 verborum
399 1176 505 1232 militem
516 1175 684 1233 inorndebat:
703 1174 748 1230 ubi
762 1175 871 1244 primum

1 1259 3 1272 “
82 1251 336 1324 oongredilieuisset,
349 1252 650 1324 nullamproeliomoram
661 1252 783 1306 funus.
819 1251 894 1305 Dea
950 1305 951 1308 ,

1 1333 2 1362 ³
81 1329 165 1388 lentas
188 1347 235 1400 per
258 1329 364 1384 Galliam
386 1328 487 1384 habitos
510 1329 538 1384 in
561 1329 678 1386 eivitatm
701 1327 817 1392 remittit,
841 1343 872 1382 ae

81 1405 201 1462 nuntiem
220 1405 304 1475 jubet,
327 1406 442 1462 suffioere
464 1406 576 1477 Imperio
600 1405 727 1477 legiones:
753 1403 816 1460 soaii
839 1403 871 1458 ud

80 1481 168 1537 munia
179 1481 250 1552 panis
261 1481 381 1548 redirent,
394 1482 485 1548 seeum,
497 1482 569 1538 velut
586 1481 703 1538 oonfeoto
716 1480 789 1546 bello,
803 1479 871 1551 quod

79 1557 202 1613 Romanu
223 1575 312 1612 manua
333 1559 499 1629 axoepissant.
534 1557 617 1613 Auxit
633 1575 664 1612 ea
680 1575 721 1614 res
740 1556 870 1612 Gallorum

80 1633 237 1704 obsequium.
273 1633 350 1699 Nam,
369 1638 472 1706 recepta
489 1637 633 1705 juventute,
654 1634 753 1690 facilius
773 1633 871 1689 tributa

79 1709 227 1774 toleravere,
240 1709 370 1780 proniores
382 1710 413 1764 ad
427 1710 515 1779 offitia,
527 1710 595 1782 quod
607 1710 797 1782 spemebautur.
833 1711 893 1764 Ata

80 1785 169 1840 Civilis
189 1787 216 1840 et
236 1785 372 1851 Glaesious,
389 1785 434 1841 ubi
451 1785 551 1856 pulsum
569 1787 698 1852 Tutorem,
713 1803 793 1842 nasos
808 1785 870 1840 Tre·

79 1878 162 1926 veros,
186 1865 279 1916 ouneta
300 1861 418 1916 hostibus
441 1879 561 1932 prospera
583 1879 712 1932 aeeepere,
730 1861 824 1931 trepidi
841 1879 870 1916 ao

79 1939 253 2007 properantes,
271 1935 332 1990 dum
349 1937 475 2007 dispersas
492 1955 597 1992 suorum
615 1937 699 2008 eopias
717 1937 869 2004 eondueuut

79 2011 176 2067 crebris
193 2011 294 2066 iuterim
312 2013 409 2067 nuntiis
425 2013 589 2067 Valentinum
605 2029 733 2078 monuere,
750 2029 783 2066 ne
799 2029 870 2064 sum·
890 2055 891 2060 ,

79 2105 128 2144 ma
146 2086 182 2142 rei
194 2087 334 2157 perioulmn
345 2087 448 2144 lauerat.
483 2087 523 2142 Eo
534 2086 647 2158 rapidius
660 2086 773 2154 Cerialis,
784 2085 893 2141 masat

78 2163 105 2218 in
118 2163 333 2230 Mediomatrioos,
351 2163 396 2235 qui
409 2163 524 2220 breviore
535 2164 627 2219 itinere
640 2163 752 2234 legiones
768 2163 795 2217 in
811 2162 870 2217 hos-
904 2220 909 2230 ¹

1 2235 2 2238 ’
78 2243 132 2296 tem
153 2242 289 2307 verterent,
310 2243 448 2308 eontracta
469 2239 537 2311 quod
560 2242 615 2295 erat
633 2240 742 2294 militum
760 2239 869 2309 Magon..

79 2317 148 2385 linei,
172 2321 346 2388 quantumque
364 2333 451 2374 seoum
468 2321 652 2382 transvexerat,
677 2316 760 2371 tertiis
778 2316 869 2372 esuis

79 2393 238 2464 Rigodulum
263 2393 349 2460 venit3
380 2411 455 2463 quem
483 2392 567 2448 laeum
587 2409 679 2464 magua
701 2393 868 2448 Treverorum

77 2487 157 2524 manu
167 2469 319 2524 Valentinus
331 2468 467 2534 insederat,
478 2469 607 2525 montibus
618 2473 663 2524 aut
674 2469 783 2525 Mosella
794 2486 868 2524 amne

77 2548 187 2615 septum.
223 2544 781 2616 Etoddidaratiossasobjieasquesaxorum.
810 2545 890 2600 Neon

0 2622 1 2627 ’
76 2619 224 2676 deterruere
236 2639 267 2676 ea
277 2622 434 2677 munimenta
444 2621 588 2677 Romanum
599 2623 711 2691 Duoem,
721 2640 771 2694 quo
783 2621 868 2676 miuus

76 2696 189 2766 peditem
206 2715 369 2770 perrumpere
385 2697 494 2770 juberet,
511 2699 626 2770 equitum
644 2699 723 2756 aeiom
738 2699 765 2754 in
779 2697 868 2752 oollam
