2070 3204
68 378 87 416 Δ
105 377 124 416 D
141 377 186 426 ⁶9]
247 313 501 363 HISTORIARUM
520 315 555 362 11.
577 316 678 362 14—18.
834 317 864 364 61

68 445 141 481 suam
164 425 335 496 reputabant:
361 426 470 482 insulam
493 445 549 482 csse
572 443 649 498 quam
672 425 822 491 incolerent,
842 430 870 483 et

68 499 144 574 longe
158 503 442 574 Gennaniamviresqnc
454 504 599 575 legionum
618 503 732 574 direptos
744 507 868 559 vastatos·

69 599 120 650 quc
132 579 212 662 classe
221 579 297 635 etium
310 598 374 662 quos
386 581 503 636 cohortes
516 580 612 651 alaeque
624 584 796 661 protegerent.
833 581 868 636 Et
879 589 894 635 a

70 668 153 704 aversi
164 653 269 720 repente
281 668 357 704 amun
369 670 377 716 ;
394 668 441 705 uec
459 655 545 705 tamen
557 656 646 721 aperta
657 668 691 715 vr,
705 654 794 720 aptum
806 654 869 706 tem·

70 745 120 798 pus
132 725 230 780 insidiis
242 726 334 796 legere.
371 727 501 798 Digressis
514 727 556 798 qui
571 727 704 782 Pacarium
722 727 870 798 frequenta-

70 802 277 871 ba11t‚nuduset
290 802 377 857 auxilii
394 803 468 874 inops
484 803 589 858 balineis
607 803 774 871 interficitur;
793 805 870 860 truci-

72 879 127 934 dati
139 883 166 934 et
182 879 295 934 comites.
332 879 431 951 Capita,
444 883 474 935 ut
489 879 609 944 hostium,
625 881 675 951 ipsi
690 881 895 941 interfectorem

73 958 107 1013 ad
119 957 247 1012 Othonem
259 956 357 1022 tulere;
375 975 457 1028 neque
469 975 513 1010 eos
526 961 570 1012 aut
582 957 652 1012 Otho
669 959 772 1028 praemio
785 959 870 1014 affecit

73 1038 120 1090 aut
132 1034 216 1105 puniit
230 1033 359 1098 Vitellius,
372 1033 400 1087 in
418 1033 500 1088 multa
515 1033 622 1090 colluvie
633 1051 719 1090 rerum
730 1035 870 1107 majoribus

73 1111 179 1181 flagitiis
191 1110 338 1182 permixtos.

112 1189 254 1258 Aperuerat
272 1187 325 1256 jam
348 1185 450 1240 Italiam
474 1185 619 1256 bellumque
639 1187 822 1255 transmiserat,
841 1185 919 1244 11117

75 1282 155 1335 supra
177 1262 379 1326 memoravimus,
404 1262 443 1316 ala
474 1262 575 1327 Siliana,
600 1262 669 1316 nullo
693 1263 761 1334 apud
785 1283 872 1334 quem-

47 1333 49 1336 ’
76 1359 154 1412 quam
172 1340 281 1395 Othonis
298 1339 392 1404 favore,
405 1357 453 1394 neo
468 1339 528 1410 qnia
539 1339 672 1394 Vitellium
688 1340 808 1394 malent:
828 1340 874 1396 sed

76 1419 156 1488 longa
170 1435 220 1488 pax
232 1416 264 1471 ad
275 1435 350 1472 omne
364 1417 495 1472 servitium
512 1417 633 1487 fregerat,
649 1416 735 1470 faciles
750 1434 873 1488 occupan-

76 1494 149 1550 tibus
167 1497 193 1548 et
208 1493 353 1548 melioribus
369 1493 516 1548 incuriosos.
552 1491 772 1548 Florentissiurum
790 1493 897 1554 italiana

78 1571 156 1635 latus,
179 1573 301 1641 qnantum
322 1569 389 1624 inter
408 1569 506 1624 Padum
526 1568 654 1640 Alpesque
678 1587 823 1641 camporum
847 1575 874 1626 et

77 1647 189 1712 urbium,
203 1647 279 1702 armis
295 1645 393 1701 Vitellii
411 1651 529 1716 (namque
547 1650 573 1700 et
590 1645 725 1717 premisse
741 1665 757 1700 a
775 1648 875 1704 Oaecina

79 1725 198 1780 cohortes
219 1721 392 1792 advenerant)
414 1722 556 1778 tenebatur.
593 1723 675 1792 Capta
686 1723 875 1780 Pannoniorum

80 1801 171 1858 cohors
189 1799 257 1870 apud
273 1801 437 1864 (tremonem
462 1799 596 1870 intercepti
612 1803 714 1854 centum
731 1801 829 1870 equites
846 1820 876 1857 uc

80 1877 149 1934 mille
164 1876 262 1932 classici
279 1876 346 1930 iuter
361 1875 518 1931 Placentiam
535 1873 708 1946 Ticinumque.
746 1877 805 1936 Ouo
818 1883 899 1934 suc-8

81 1972 157 2010 oessu
167 1953 321 2008 Vitellianus
335 1951 407 2006 miles
425 1970 477 2006 non
486 1953 539 2023 jam
556 1952 661 2006 flumine
674 1955 720 2006 aut
731 1953 793 2024 ripis
806 1973 876 2010 aroe-

80 2031 165 2088 batur.
202 2028 324 2084 Irritabat
336 2029 485 2100 quinetiam
497 2029 608 2083 Batavos
621 2029 877 2102 Transrhenanosque

81 2107 169 2164 Padus
187 2106 257 2178 ipse;
285 2123 360 2176 quem
383 2109 488 2174 reponte
509 2109 598 2160 eontra
620 2105 776 2160 Placentiam
794 2112 878 2164 trans-

81 2183 172 2257 gressi,
185 2181 265 2253 raptis
281 2179 431 2252 quibusdam
443 2179 644 2252 exploratoribus
656 2182 693 2236 ita
704 2187 809 2238 ceteros
821 2188 875 2239 ter·

82 2263 203 2316 ruerent
222 2257 309 2313 adesse
328 2275 428 2312 omnem
449 2257 555 2311 Ooecinoe
576 2258 715 2312 exereitum
736 2260 829 2330 trepidi
847 2279 877 2316 ac

81 2337 142 2394 falsi
153 2335 308 2390 nuntiarent.
346 2333 452 2388 Certum
470 2336 525 2388 erat
541 2334 673 2404 Spurinna
690 2335 723 2404 (is
736 2335 801 2390 euim
821 2337 876 2392 Pla
888 2337 923 2392 18

82 2413 194 2471 centiam
217 2409 367 2479 obtinebat)
391 2409 500 2464 necdum
523 2410 622 2465 venisse
642 2411 775 2478 Ooeoinam,
797 2416 832 2481 et,
856 2415 878 2470 si

83 2490 273 2564 propinquaret,
293 2493 408 2543 coercere
428 2486 496 2540 intra
519 2487 676 2542 munimenta
695 2489 808 2556 militem,
830 2510 878 2549 nec

83 2573 139 2624 tres
157 2565 288 2638 praetorias
308 2565 425 2620 cohortes
444 2566 470 2618 et
485 2563 552 2619 mille
564 2564 706 2621 vexillarios
719 2583 776 2622 oum
789 2570 877 2638 paucis

84 2643 215 2716 equitibus
235 2649 356 2698 veterano
377 2640 501 2696 exercitui
520 2641 636 2712 obJ'icere.
674 2643 724 2702 Sed
739 2643 901 2706 indomitusa

85 2720 159 2776 miles
171 2725 198 2774 et
210 2719 269 2774 belli
285 2719 388 2790 ignarus
403 2716 526 2788 correptis
543 2718 622 2790 siguis
635 2719 783 2792 vexillisque
794 2741 877 2788 ruere,

85 2801 114 2854 et
134 2795 256 2851 retinenti
277 2794 336 2850 duci
354 2794 406 2849 tela
423 2794 557 2859 intentare,
576 2795 669 2866 spretis
688 2798 879 2854 centurionibus
976 2855 979 2862 ,

85 2868 263 2944 tribunisque:
283 2873 346 2943 quin
356 2869 429 2942 prodi
447 2870 574 2926 Othonem
586 2877 613 2926 et
631 2871 741 2926 accitum
753 2873 879 2932 ominum
