2096 3038
177 149 210 198 ts
512 149 632 198 ΤΔΟΙΤΙ

807 211 967 258 [suem

177 255 239 314 dum
261 259 355 318 celebri
383 258 444 316 luco
464 259 608 316 consedisse
636 258 725 316 incole
747 265 897 326 memorant,
919 277 970 320 nos

177 335 269 394 deinde
292 341 360 394 eoetu
382 335 511 392 bominum
533 340 579 390 aut
602 335 858 392 circumvolitantium
878 336 969 396 alium

176 415 293 470 territam
304 414 442 486 pulsamus,
450 412 530 468 donec
541 413 611 468 Otho
619 413 708 484 seipse
719 413 890 480 interficeret;
909 417 969 474 tuns

177 489 287 546 ablutum
307 509 339 546 ex
358 490 456 556 oculis;
479 492 506 544 et
526 492 643 560 tempore
663 489 842 559 reputantibus
865 489 969 546 initium

177 567 303 638 finemque
314 566 429 623 mhucrnli
440 585 498 622 eum
510 565 619 620 Othonis
632 566 704 620 exitu
715 567 875 636 competisse

134 649 169 702 51
212 643 245 698 In
257 645 346 700 funere
358 645 413 715 ejus
422 646 516 698 novate
523 641 596 698 luctu
605 660 634 696 sc
643 641 729 698 dolore
740 643 850 698 militum
859 641 969 700 seditior

177 737 225 776 neo
248 725 303 776 erat
324 721 369 792 qui
388 723 523 774 coerceret.
559 717 602 773 Ad
625 718 777 789 Verginium
797 719 873 786 versi,
892 717 970 776 modu

177 800 208 852 ut
227 797 351 868 reciperet
371 796 514 867 imperinm,
533 813 602 850 nunc
622 798 653 849 ut
674 795 802 866 legatione
826 794 892 867 apud
912 795 969 852 Cre·

177 873 259 928 ciuem
283 891 313 928 ec
339 873 472 928 Valentem
495 871 653 943 fungeretur,
679 872 826 927 minitantes
851 870 968 928 orabant

155 949 322 1020 2Verginius‚
336 969 382 1020 per
393 967 506 1004 aversam
518 947 607 1002 domrrs
615 949 713 1018 pestem
725 947 814 1002 furtim
824 948 969 1019 degressus¹

155 1025 345 1096 birrumpentes
363 1025 501 1080 frustratus
519 1028 566 1080 est.
602 1023 699 1078 Earum
714 1042 771 1094 que
786 1025 892 1080 Brixelli
909 1042 970 1095 ege-

176 1106 234 1158 rent
252 1103 393 1158 cohortium
411 1119 498 1174 preses
518 1100 633 1156 Rubrius
653 1100 739 1156 Gallus
759 1100 828 1167 tulit,
850 1105 877 1156 et
894 1101 970 1158 venie

176 1180 264 1236 stetim
281 1181 424 1251 impetrate,
443 1177 640 1234 concedentibus
658 1176 691 1232 ed
709 1177 831 1234 victorem
847 1196 893 1250 per
910 1177 970 1234 ele

176 1258 245 1314 vium
259 1257 380 1312 Sabinum
392 1257 424 1312 iis
435 1255 514 1326 copiis
526 1254 618 1326 quibus
631 1253 775 1324 prefuerat.

134 1345 171 1400 52
212 1334 301 1388 Posito
324 1333 418 1404 ubique
442 1332 516 1396 bello,
540 1336 632 1402 mug‘na
661 1349 721 1400 pars
751 1333 855 1386 senatus
885 1333 970 1388 subs·

177 1427 247 1464 mum
266 1410 401 1464 discrimen
419 1408 490 1476 odiit,
507 1408 622 1478 prolecta
643 1425 701 1462 cum
721 1407 824 1464 Othone
844 1407 876 1464 sb
895 1407 968 1475 urbe,

178 1484 237 1540 dein
252 1485 361 1540 Mutinae
376 1485 472 1540 relicta
508 1483 574 1540 Illuc
590 1483 695 1540 adverso
711 1483 743 1538 de
757 1485 843 1556 prelio
855 1484 969 1546 sumum

155 1561 228 1616 seed
240 1561 341 1626 milites,
353 1565 384 1616 ut
399 1561 500 1625 lalsum,
517 1577 644 1616 rumorem
660 1566 832 1632 sspernantes,
846 1561 914 1632 quod
929 1561 971 1616 in·

176 1637 278 1694 sensum
295 1637 391 1692 Othoni
408 1640 524 1692 secutum
548 1636 742 1704 arbitrabantur,
767 1637 894 1696 custodire
917 1656 970 1694 ser·

176 1732 272 1780 mcum,
290 1713 390 1770 vultum
403 1712 569 1784 habitumque
587 1713 688 1770 trahere
704 1715 732 1770 in
750 1715 862 1772 deterius
876 1734 885 1780 ;
910 1731 970 1772 ocu·

177 1791 249 1846 viciis
261 1796 389 1862 postremo
401 1808 430 1846 ec
441 1789 540 1861 probris
552 1807 653 1846 causam
665 1795 691 1846 et
703 1791 804 1848 initium
816 1791 891 1848 credis
902 1809 970 1861 que·

177 1867 275 1934 rebant,
294 1885 352 1924 cum
369 1867 433 1922 elius
450 1866 553 1936 iusuper
570 1871 655 1922 metus
672 1868 832 1924 senatoribus
852 1868 969 1933 instaret,

178 1963 218 2013 ne,
225 1944 366 2017 prevalidis
376 1945 429 2016 jem
438 1943 537 2002 Vitellii
545 1943 668 2014 partibus,
681 1949 831 2002 cunctanter
840 1944 971 2016 excepisse

157 2023 309 2080 trictoriem
325 2021 496 2078 crederentur.
532 2021 577 2076 lte
594 2021 695 2092 trepidi,
711 2026 738 2076 et
754 2023 874 2093 utrinque
891 2021 972 2091 anxii

178 2105 279 2167 cedunt,
296 2119 371 2158 nemo
386 2099 506 2172 privatim
519 2097 640 2168 expedito
657 2099 769 2164 oonsilio,
790 2099 858 2157 inter
874 2098 972 2156 multos

179 2179 300 2234 societate
312 2178 393 2249 cnlpae
404 2177 492 2233 tutior.
528 2175 658 2230 Onerebat
667 2176 813 2246 paventium
825 2193 898 2232 eures
907 2174 973 2232 ordo

179 2253 335 2310 Mutinensis
353 2273 422 2310 arma
436 2257 463 2308 et
478 2251 611 2324 pecuniam
623 2251 759 2318 offerendo,
778 2252 973 2324 appellabatque

136 2334 265 2399 53pstres
278 2331 433 2400 conscriptos
450 2328 629 2399 intempestivo
640 2328 743 2384 honore.
779 2327 901 2384 Notabile
915 2328 974 2398 jus-

180 2405 251 2475 gium
267 2405 324 2470 luit,
344 2423 394 2475 quo
408 2405 523 2460 Licinius
540 2404 640 2460 (lecina
658 2404 809 2460 Marcellum
821 2405 930 2476 Eprium
942 2408 976 2460 ιιι

181 2480 299 2552 ambigua
317 2481 482 2536 disserentem
502 2481 602 2536 mvsdt.
648 2482 705 2538 Nee
723 2482 809 2538 ceteri
831 2481 975 2538 sententies

180 2557 341 2627 aperiebant:
366 2555 411 2612 sed
429 2556 537 2613 invium
555 2558 677 2612 memoria
694 2558 857 2624 deletionem,
873 2557 976 2628 exposi

180 2637 287 2704 tumque
301 2633 334 2688 sd
348 2631 475 2698 invidiam,
492 2634 607 2690 Marcelli
625 2652 718 2690 nomen
734 2636 878 2692 irmtsveret
894 2634 976 2692 Gseoi·

179 2726 247 2778 num,
264 2712 296 2770 ut
311 2725 393 2770 nouus
411 2708 503 2778 udbne.
521 2713 550 2767 et
566 2709 595 2770 in
614 2715 732 2770 senatum
749 2731 831 2784 nuper
850 2710 977 2779 mutua
