2086 3026
154 85 202 132 2⁰0
492 81 614 130 raom

784 143 819 192 [Δ.
829 143 857 183 υ.
866 145 888 183 a
899 144 946 184 era.

152 193 247 259 Labeo,
272 194 408 264 antequam
432 192 665 257 circumveniretur,
689 191 811 262 profugit.
857 193 947 247 Civilis

152 271 270 326 Betasios
289 287 388 340 quoque
405 287 434 324 aa
450 270 568 337 Nervios,
585 269 613 323 in
628 268 703 323 fidem
722 272 846 338 acceptos,
865 269 948 339 copiis

154 347 208 402 suis
226 347 362 417 adjunxit:
381 347 470 416 ingens
487 365 580 410 rerum,
599 345 723 416 perculsis
741 345 874 400 civitatum
892 339 949 399 ani-

153 423 210 487 mis,
223 423 264 478 vel
276 426 366 493 sponte
378 421 566 476 inclinantibus,

110 497 147 556 67
189 499 293 554 Interea
316 499 400 552 Julius
425 497 541 562 Sabinus,
566 497 686 567 projectis
710 497 811 552 foederis
835 497 950 552 Romani
1039 483 1040 492 ἵ

153 574 331 638 monumentis,
352 575 475 628 Gaesarem
493 592 521 628 se
540 573 646 628 salutari
663 572 757 642 jubet:
777 591 949 643 magnamque

154 653 181 704 et
198 648 353 704 inconditam
368 649 529 720 popularium
548 649 650 704 turbam
669 649 696 702 in
717 649 847 719 Sequanos
868 650 947 718 rapit,

154 723 336 780 conterminam
356 725 486 780 civitatem
503 729 530 780 et
547 725 620 779 nobis
638 724 721 778 fidam.
758 725 815 778 Neo
835 725 951 794 Sequani

132 800 328 856 adelrectarere
357 804 495 855 certarnen.
543 801 658 854 Fortuna
686 799 833 854 melioribus
862 801 948 856 affuit.

154 877 217 932 Ilusi
235 877 373 948 Lingones.
411 876 519 931 Sabinus
540 876 691 930 festinatum
711 879 806 930 temere
829 875 951 945 proelium

154 953 210 1024 pari
230 952 363 1008 tormidine
384 951 503 1006 deseruit.
540 952 629 1021 thue
649 951 741 1005 famam
760 951 832 1005 exitii
850 952 892 1005 sui
912 952 951 1006 ia-

154 1033 231 1095 ceret,
251 1029 345 1093 villam,
360 1029 388 1082 iu
407 1046 483 1098 quam
501 1027 655 1098 perfugerat,
676 1027 813 1082 cremavit:
831 1026 883 1080 illic
903 1031 951 1082 vo'-

133 1105 265 1165 sluntaria
275 1109 357 1160 morte
369 1104 495 1159 interiisse
511 1103 631 1158 creditus.
669 1105 726 1171 Sed,
740 1102 830 1173 quibus
848 1103 951 1158 artibus
1027 1134 1031 1143 ·

155 1181 309 1253 latebrisque
333 1181 412 1236 vitem
436 1199 481 1250 per
504 1197 595 1233 novam
614 1197 674 1232 mox
695 1197 774 1232 annos
794 1179 949 1244 traduxerit,

130 1283 133 1290 ·
155 1259 231 1314 simul
242 1259 380 1313 amicorum
392 1257 447 1327 ejus
466 1255 635 1310 constantiam
647 1258 673 1309 et
690 1254 788 1326 insigne
806 1255 951 1324 Epponinae

155 1335 244 1390 uxoris
268 1333 420 1404 exemplum,
444 1350 491 1387 suo
514 1332 569 1386 loco
593 1331 734 1386 reddemus.
772 1331 950 1400 Sequanorum

134 1425 276 1481 sprospera
288 1410 341 1464 acie
352 1409 412 1463 belli
423 1409 532 1478 impetus
545 1409 626 1462 stetit.
651 1407 811 1477 Resipiscere
823 1406 949 1476 paulatiru

155 1485 279 1548 civitates,
300 1485 389 1553 sasque
410 1488 437 1538 et
456 1483 551 1538 ioedera
571 1484 703 1554 respicere,
721 1483 875 1554 principibus
895 1483 951 1537 Re-

155 1561 221 1614 mis:
251 1560 296 1629 qui
318 1577 365 1629 per
393 1559 487 1613 Galbae
510 1560 619 1625 edixere,
644 1563 674 1614 ut
698 1559 781 1613 missis
805 1558 897 1629 legatis
921 1560 951 1614 in

155 1652 287 1690 commune
299 1633 480 1698 consultarent,
493 1633 597 1690 libertas
610 1653 642 1689 au
654 1653 703 1705 pax
715 1635 832 1704 placeret.
850 1679 853 1686 .

111 1717 149 1770 68
191 1711 227 1764 At
243 1711 332 1765 Βοωω
349 1712 442 1764 anneta
457 1708 484 1763 in
500 1709 612 1764 deterius
630 1710 718 1765 audita
734 1711 886 1765 Mucianum
904 1728 950 1764 an·

155 1785 256 1859 gabant,
270 1804 309 1851 ne,
323 1803 467 1856 quanquam
479 1786 576 1856 egregii
587 1787 672 1841 Duces
686 1787 746 1856 (jam
766 1786 833 1840 euim
845 1786 950 1840 Gallum

155 1863 267 1918 Annium
279 1869 306 1918 et
318 1863 438 1918 Petilium
455 1861 579 1917 Cerialem
596 1861 735 1934 delegerat)
753 1880 877 1916 summam
888 1861 951 1917 belli

156 1958 245 2010 parum
263 1940 408 1995 tolerarent.
445 1938 503 1993 Nee
518 1937 682 2007 relinquenda
697 1938 758 1992 urbs
771 1937 825 1992 siue
837 1943 948 1993 rectora.

132 2017 191 2074 2Et
220 2017 361 2072 Domitiani
389 2015 518 2070 indomitae
547 2011 663 2068 libidines
691 2013 863 2068 timebantur:
895 2033 951 2069 sus-

155 2094 244 2165 pectis,
270 2094 309 2149 uti
333 2093 450 2156 diximus,
475 2089 561 2144 Primo
584 2090 698 2144 Antonio
721 2090 841 2162 Varoque
862 2091 949 2145 Arrio.

156 2171 248 2238 Varus,
260 2167 421 2224 Pretorianis
433 2165 591 2236 prepositus,
605 2166 657 2222 vim
675 2170 751 2236 atque
769 2184 839 2219 arma
855 2167 952 2221 retine·

155 2245 208 2300 bat.
254 2247 321 2300 Eum
344 2244 481 2298 Mucianus
510 2241 611 2311 pulsum
635 2243 699 2308 loco,
722 2259 755 2296 ne
779 2242 833 2296 sine
858 2242 952 2297 solatio

129 2323 252 2386 angeret,
273 2335 376 2373 annona
396 2316 519 2390 prefecit.
554 2318 643 2388 thue
664 2317 806 2372 Domitiani
826 2317 951 2386 animum,
1039 2343 1040 2348 κ

157 2393 226 2446 Varo
244 2392 315 2445 haud
334 2394 454 2461 alienum,
472 2391 596 2457 deliniret,
613 2393 763 2448 Arretinum
780 2393 950 2459 Clementem,

157 2465 243 2518 domui
261 2463 413 2531 Vespasiani
429 2482 475 2533 per
495 2466 644 2522 affinitatem
663 2469 786 2522 innexum
806 2472 833 2522 et
853 2471 951 2540 gratis·

157 2539 248 2592 simum
260 2537 414 2601 Domitiano,
431 2539 595 2597 Praetorianis
609 2545 754 2614 preposuit,
768 2548 866 2615 patrem
884 2546 950 2616 ejus,

158 2611 204 2664 snb
222 2611 284 2664 Caio
299 2609 405 2674 (lasere,
424 2614 525 2682 egregie
541 2616 658 2672 iunctum
673 2637 704 2673 ea
719 2637 788 2687 cura,
809 2619 950 2678 dictitans:
1039 2639 1040 2652 ¹
