2086 3026
86 181 107 222 A
122 180 143 221 D
160 181 203 231 69]
256 118 508 167 HlSTORIARUM
526 117 570 166 IV.
589 120 690 166 18-20.
829 117 875 166 169

84 235 116 286 ut
127 231 209 286 acrius
222 233 389 301 exposcerent
401 248 457 302 quae
469 229 582 286 sciebant
591 231 752 300 negaturum.
787 227 878 297 Spreto

85 306 178 362 Flacco
190 307 336 362 interiorem
349 307 511 362 Germaniam
523 306 643 378 petivere,
657 307 688 360 ut
701 303 776 359 Civili
787 305 880 375 junge·

86 387 185 438 rentur.
222 383 394 449 Hordeonius,
410 383 530 438 adhibitis
547 381 657 438 tribunis
675 381 879 436 centurionibus·

87 478 146 529 que,
155 459 308 515 consultavit
320 478 382 514 num
394 459 544 530 obsequium
556 458 696 514 abnuentes
706 457 732 513 vi
743 461 878 513 coerceret.

86 535 153 590 Mox
165 535 242 590 insita
255 536 357 607 ignavia
368 539 395 591 et
407 536 513 608 trepidis
525 535 656 601 ministris,
670 552 733 606 quos
746 533 902 606 ambiguust

87 612 241 668 auxiliorum
258 613 356 668 animus
372 616 399 668 et
414 612 499 668 subito
515 612 616 668 delectu
633 611 756 683 suppletae
768 610 880 682 legn'ouos

87 688 224 760 angebant,
238 689 330 744 statuit
348 690 477 744 continere
494 689 564 744 intro
580 691 664 744 castra
680 688 802 743 militem:
822 686 881 742 dein

87 765 243 836 paenitentia,
257 769 283 820 et
295 765 462 836 arguentibus
474 765 536 836 ipsis
549 765 593 836 qui
605 767 745 832 suaserant,
757 767 879 834 tanquam

89 846 232 906 secuturus,
242 842 344 912 scripsit
352 842 484 896 Herennio
493 841 572 906 Gallo,
581 840 881 912 legionisprimaelegato,

89 919 134 988 qui
145 919 262 972 Bonnam
273 917 412 983 obtinebat,
426 921 456 972 ut
473 921 570 972 arceret
582 917 693 972 transitu
708 917 835 971 Batavos:
854 934 882 970 se

90 1011 149 1048 cum
176 993 291 1048 exercitu
317 993 398 1064 tergis
422 1011 510 1048 eorum
533 994 668 1048 haesumm.
715 993 751 1046 Bt
774 991 905 1063 opprimit

89 1072 217 1138 poterant,
231 1068 254 1123 si
264 1069 324 1123 bino
336 1068 508 1137 Hordeonius,
520 1069 579 1123 inde
592 1067 688 1132 Gallus,
702 1067 778 1122 motis
792 1068 883 1122 utrim-

91 1163 141 1216 que
151 1145 237 1216 copiis,
247 1144 343 1199 medios
353 1144 510 1200 clausissent.
537 1145 643 1200 Flaccus
652 1143 737 1199 omisit
746 1143 882 1214 inceptum,
915 1194 916 1197 ,

90 1221 196 1292 ubisque
213 1221 294 1276 literis
316 1221 417 1276 Gallum
440 1221 539 1276 monuit
559 1239 592 1276 ne
615 1224 723 1276 terreret
752 1219 882 1275 abeuntes.

90 1299 167 1355 Unde
180 1297 290 1369 suspicio
302 1301 393 1369 sponte
401 1297 544 1368 legatorum
552 1297 660 1354 excitari
670 1297 773 1362 bellunm,
780 1300 905 1354 cuncte-5

90 1394 140 1447 que
153 1394 210 1446 quae
222 1373 365 1430 acciderant
377 1378 422 1430 aut
434 1374 621 1443 metuebantur,
633 1391 684 1428 non
695 1373 787 1429 inertia
795 1373 882 1428 militis

89 1471 173 1523 neque
190 1451 340 1507 hostiumvi
357 1451 402 1507 sed
417 1451 508 1507 frande
525 1451 619 1507 ducum
638 1451 746 1507 evenire.
782 1449 927 1519 Batavi,20

90 1547 146 1583 oum
160 1529 252 1584 castris
264 1528 442 1584 Bonnensibus
453 1529 661 1600 propinquarent,
678 1529 822 1599 praemisere
838 1529 883 1599 qui

90 1605 222 1660 Herennio
235 1605 307 1660 Gallo
319 1605 438 1660 mandata
454 1605 597 1662 cohortium
609 1609 754 1676 exponeret.
792 1607 806 1636 ‘⁴
818 1604 882 1660 Nul-

83 1680 143 1735 lum
161 1681 211 1736 sibi
225 1681 318 1736 bellum
338 1681 459 1737 adversus
475 1683 613 1748 Romanos,
630 1700 677 1753 pro
695 1681 787 1753 quibus
805 1681 883 1736 toties

90 1755 242 1811 belldssent:
261 1756 337 1828 longa
349 1762 425 1829 atque
434 1758 507 1813 irrita
518 1759 610 1814 militia
621 1758 696 1813 fessis
705 1759 794 1828 patriae
806 1761 884 1829 atquo

91 1833 139 1887 otii
149 1832 292 1902 cupidinem
304 1851 367 1888 esse.
404 1834 432 1888 Si
443 1851 517 1888 nemo
533 1834 677 1899 obsisteret,
690 1835 822 1889 innoxium
834 1835 884 1889 iter

91 1909 161 1962 fore:
192 1908 232 1962 sin
256 1927 325 1962 arma
351 1912 494 1974 occurrant,
519 1909 586 1964 ferro
614 1911 682 1965 viam
708 1911 883 1965 inventuros.”

93 1983 263 2038 Cunctantem
292 1984 405 2054 legatum
433 1984 527 2038 milites
555 1985 726 2056 perpulerant,
755 1986 906 2040 sentiment

92 2058 172 2131 praelii
193 2060 359 2130 experiretur.
395 2060 455 2114 'Pria
474 2059 554 2114 millia
575 2059 772 2131 legionariorum
795 2063 821 2114 et
844 2064 884 2115 tu·

92 2135 234 2190 multuarise
255 2135 393 2206 Belgarum
412 2135 537 2201 cohortes,
558 2136 633 2190 simul
650 2153 807 2206 paganorum
824 2135 884 2190 lixa·

92 2231 200 2282 rumque
223 2213 322 2284 ignava,
348 2211 393 2266 sed
416 2229 511 2282 procax
534 2215 593 2268 aute
617 2211 765 2284 pericubun,
786 2230 882 2279 manns,

92 2289 209 2344 omnibus
226 2289 308 2360 portis
324 2291 454 2358 rumpunt,
474 2291 504 2343 ut
523 2288 635 2344 Batavos
653 2306 758 2344 numero
775 2289 884 2360 impares

92 2365 304 2421 circumfundant.
340 2364 391 2430 Illi,
416 2368 515 2420 veteres
536 2365 640 2432 militie,
662 2366 690 2422 in
709 2383 803 2422 cuneos
827 2376 907 2422 oon-8

84 2445 238 2513 gregantur,
252 2441 325 2496 densi
338 2441 449 2512 undique
463 2444 490 2496 et
505 2442 616 2498 frontem
632 2447 755 2514 tergoque
772 2461 802 2500 ac
817 2443 885 2499 latus

92 2520 150 2574 tuti.
189 2519 231 2574 Sic
252 2523 355 2574 tenuem
373 2522 518 2574 nostrorum
536 2521 615 2575 aciem
633 2521 802 2592 perfringunt.
839 2519 886 2575 Ge

95 2595 213 2651 dentibus
237 2595 325 2666 Belgis
349 2595 453 2666 pellitur
480 2595 555 2668 legio,
579 2600 605 2652 et
629 2597 723 2655 vallum
749 2600 887 2668 portasque

84 2673 185 2743 trepidi
197 2672 326 2743 petebant.
363 2671 405 2728 Ibi
421 2672 559 2743 plurimum
570 2673 648 2734 cladis
660 2697 666 2730 :
685 2673 822 2731 cumulatae
834 2689 888 2727 cor·
