2096 3038
180 165 226 214 116
512 165 632 215 unum

136 251 141 258 .
810 225 970 274 [auem

178 276 273 331 nmilia
290 275 411 332 Vitellius
435 278 567 344 acciverat,
589 278 736 332 immensam
762 275 823 330 belli
846 276 922 340 luem,
944 275 972 330 ui

178 355 314 418 Antonius,
327 353 354 408 id
365 354 447 424 ipsum
463 359 586 420 metuens,
599 354 721 409 festinato
738 352 825 423 praelio
841 352 973 406 victoriam

179 431 347 500 praecepisset.
384 431 511 486 Universo
523 450 581 486 curn
593 431 707 485 exercitu
719 429 836 484 secundis
849 429 974 482 aVeroua

158 506 270 561 doaetris
293 505 444 561 Bedriacum
465 509 543 562 venit.
580 508 686 561 Postero
706 506 754 570 die,
776 505 918 576 legionibus
940 503 973 558 ad

180 581 344 635 muniendum
361 583 476 648 retentis,
489 583 623 637 auxiliares
639 582 757 636 cohortes
773 581 801 635 in
816 580 972 635 Cremonen-

180 675 234 712 sem
258 675 346 728 agrurn
370 659 461 725 missua,
486 664 524 722 ut,
546 659 630 729 specie
649 657 817 729 parandarum
836 657 972 728 copiarum,

160 733 249 793 seiani
278 733 363 805 praeda
386 735 457 790 miles
481 735 645 790 imbueretur.
693 735 754 804 ipse
777 751 836 788 cnm
865 737 975 803 quatuor

181 810 292 865 millibus
316 810 430 881 equitum
448 811 481 865 ad
503 816 622 868 octavum
641 829 657 865 a
675 809 799 872 Bedriaco
818 827 974 880 progressus,

182 905 233 957 quo
244 886 361 941 licentius
378 887 567 958 popularentur.
604 888 792 956 Exploratores,
809 891 840 941 ut
855 904 909 940 mos
925 889 974 950 est,

140 963 283 1035 idiongius
301 963 431 1018 curabant.
468 964 567 1024 Quinta
584 964 663 1019 ferme
681 964 744 1018 hora
764 963 814 1018 diei
833 966 895 1029 arat,
916 979 976 1016 cum

183 1041 249 1095 citus
262 1059 339 1111 eques
355 1040 492 1095 adventare
508 1041 603 1108 hostes,
619 1039 745 1111 praegredi
761 1057 863 1110 paucos,
876 1042 976 1092 motum

161 1117 363 1188 diremitumque
386 1117 438 1172 late
461 1117 544 1172 audiri
566 1117 702 1171 nuntiavit.
745 1116 816 1170 Dum
846 1113 975 1169 Antonius

184 1195 303 1265 quidnam
322 1194 447 1265 agendum
466 1193 601 1258 consultat,
619 1192 741 1247 aviditate
758 1191 879 1247 navandae
893 1208 976 1261 opera

184 1271 274 1325 Arrius
298 1271 383 1324 Varus
407 1289 466 1325 oum
489 1269 684 1341 promptissimis
708 1269 823 1339 equitum
852 1267 977 1339 prorupit,

184 1347 335 1416 impulitque
358 1346 519 1409 Vitellianos,
542 1346 640 1402 modica
663 1344 748 1400 carde:
778 1362 836 1399 nam
865 1343 977 1414 plurium

185 1438 291 1474 accursu
302 1439 375 1475 versa
386 1421 497 1486 fortuna,
508 1427 534 1477 et
548 1423 685 1477 acerrimus
697 1422 805 1492 quisque
817 1420 978 1492 sequentium
1045 1485 1046 1501 χ

184 1496 253 1566 fugas
265 1497 370 1550 ultirnus
382 1501 445 1551 erat.
476 1498 532 1553 Nec
544 1503 635 1568 sponte
647 1499 754 1554 Antonii
766 1501 936 1570 properatum,
950 1500 978 1551 et

164 1572 240 1625 tiore
252 1590 308 1642 quae
321 1571 464 1627 acciderant
476 1573 587 1628 rebatur.
623 1576 753 1630 Hortatus
770 1593 829 1630 suos
842 1579 873 1630 ut
885 1589 979 1644 magno

186 1648 269 1702 animo
289 1653 450 1718 capesserent
469 1667 588 1720 pugnarn,
609 1650 718 1707 diductis
736 1653 763 1707 in
780 1652 860 1707 latera
876 1650 978 1716 turmis,

185 1742 293 1779 vacuum
305 1723 387 1778 medic
397 1725 517 1796 relinquit
526 1727 582 1791 iter,
594 1745 645 1797 quo
653 1728 751 1782 Varum
763 1728 911 1798 equitesque
922 1727 980 1796 ejus
1043 1775 1044 1780 ,

185 1801 309 1871 reciperet
320 1819 327 1866 ;
342 1800 421 1871 jussae
433 1802 525 1856 armari
536 1802 664 1873 legionem
683 1803 770 1858 datum
783 1821 829 1874 per
840 1821 915 1875 agros
927 1803 981 1873 aig·

186 1893 247 1931 num
266 1881 304 1942 ut,
321 1895 372 1947 qua
390 1877 481 1948 cuique
502 1879 652 1949 proximum,
671 1880 765 1934 omissa
784 1879 875 1950 praeda,
893 1879 981 1950 praelio

164 1959 338 2009 lucuumeret.
374 1955 485 2011 Pauidus
498 1957 600 2011 interim
611 1957 696 2012 Varus
708 1957 791 2012 turba
806 1975 908 2012 suorum
921 1957 982 2011 mis·

187 2037 266 2096 cetur,
279 2031 417 2102 intulitque
429 2032 595 2088 formidinem.
629 2033 701 2088 Pulsi
712 2051 770 2088 cum
783 2033 875 2088 sauciis
887 2033 983 2104 integri

187 2112 287 2164 suomet
304 2109 354 2180 ipsi
371 2112 442 2164 metu
459 2112 486 2164 et
499 2110 631 2178 angustiis
647 2110 745 2165 viarum
763 2109 982 2166 conflictabantur.
1041 2175 1043 2188 ι

144 2175 293 2240 17Nullnrn
313 2185 339 2240 in
356 2185 400 2239 illa
414 2184 584 2256 trepidatione
601 2187 730 2242 Antonius
750 2187 891 2242 constantis
909 2185 984 2240 ducis
1042 2193 1043 2208 ¹

187 2266 233 2314 aut
253 2260 386 2316 fortissimi
409 2261 497 2316 militis
518 2262 630 2316 officium
649 2263 742 2317 omisit.
778 2264 919 2318 Occursare
938 2279 985 2333 pa·

187 2336 314 2400 ventibus,
340 2337 449 2391 retinere
467 2337 595 2405 cedentes,
613 2338 658 2393 ubi
675 2339 799 2409 plurimus
817 2339 895 2405 labor,
914 2337 986 2394 unde

176 2409 273 2479 'aliqua
290 2429 356 2480 spes,
374 2412 479 2466 consilio
496 2432 572 2468 manu
590 2432 652 2469 voce
669 2416 777 2486 insignis
795 2416 871 2482 hosti,
885 2416 986 2486 conspi-

167 2491 253 2538 tcuus
277 2486 339 2539 suis.
384 2486 424 2540 Eo
447 2493 576 2556 postremo
600 2490 696 2545 ardoris
720 2497 856 2562 provectus
880 2497 929 2559 est,
954 2495 988 2546 ut

189 2559 347 2613 vexillarium
359 2561 500 2632 fugientem
512 2564 587 2619 hasta
594 2567 819 2622 transverberaret.
851 2569 916 2622 Mox
928 2585 989 2639 rap·

189 2638 247 2690 tum
270 2635 391 2692 vexillum
414 2637 443 2692 iu
464 2638 567 2695 hostem
587 2643 674 2697 vertit.
715 2645 772 2709 Quo
795 2644 892 2715 pudor-c
915 2644 990 2701 haud

1037 2753 1040 2790 l
