2086 3026
242 431 275 487 C.
298 425 545 487 CORNELII
585 427 760 486 TACITI

253 579 301 631 AB
318 576 473 632 EXOESSU
490 576 575 630 DIVI
594 574 750 633 nooUsut

108 716 898 809 HISTORIARUM

349 888 463 942 LIBER
481 887 654 948 QUINTUS.

143 1152 273 1209 arnamar
291 1150 351 1204 anni
369 1150 493 1221 principio
514 1151 597 1206 Caesar
619 1148 663 1203 'lit
651 1151 702 1214 t,ua
723 1147 898 1218 perdomandae
906 1169 971 1204 auo.

108 1227 207 1280 Judoeae
229 1226 342 1281 delectus
361 1243 376 1280 a
395 1230 439 1296 pat
440 1245 475 1291 re,
496 1229 523 1280 et
543 1225 649 1296 privetis
670 1225 804 1294 utriusque
822 1225 935 1298 rebus
914 1212 960 1250 ⁸²³·

107 1301 199 1356 militia
217 1302 306 1366 clarus,
326 1305 421 1372 majore
441 1305 498 1356 tum
511 1302 540 1356 vi
554 1303 671 1372 famaque
687 1301 786 1372 egebat,
804 1304 901 1355 certan-
920 1268 966 1350 pp.

108 1377 177 1433 tibus
189 1379 373 1449 provinciarum
388 1382 414 1434 et
426 1379 627 1434 exercituumt
602 1377 701 1433 studiis.
738 1377 847 1448 Atque'
839 1393 923 1449 apaan

107 1457 138 1509 t
107 1473 228 1526 super
245 1454 374 1510 fortunam
394 1455 549 1524 crederetur,
566 1456 686 1510 decorum
700 1472 729 1509 se
745 1458 904 1526 promptum-

108 1549 157 1602 que
179 1531 206 1586 in
226 1531 302 1586 armis
322 1531 482 1596 ostendebat,
504 1532 624 1587 comitate
644 1534 670 1586 et
690 1530 805 1601 alloquiis
823 1529 905 1585 officia

108 1625 257 1678 provocans,
275 1626 304 1663 ac
320 1608 469 1680 plerumque
484 1608 512 1663 in
528 1627 612 1680 opere,
630 1608 658 1662 in
674 1608 774 1680 agmine
785 1607 904 1680 gregario

107 1683 183 1738 militi
201 1685 307 1749 mixtus,
328 1684 477 1756 incorrupto
493 1685 565 1742 ducia
583 1686 687 1740 honore.
723 1685 786 1740 Tres
801 1703 859 1739 eum
877 1683 928 1743 int

107 1759 199 1814 Judaea
226 1760 346 1830 legiones,
372 1761 462 1830 quinta
484 1765 511 1816 et
535 1762 633 1818 decima
657 1764 684 1816 et
709 1760 905 1831 quintadecima,

107 1841 184 1888 vetus
195 1835 348 1904 Vespasiani
358 1837 439 1903 mileu,
447 1854 577 1907 excepere.
614 1837 720 1891 Addidit
732 1855 747 1891 1
760 1837 833 1908 Syria
844 1836 906 1891 duo·

108 1908 239 1974 decimam,
250 1913 277 1964 11
286 1909 409 1964 abductos
426 1911 581 1966 Alexandria
598 1911 841 1966 duoetviceaimunoa
853 1915 906 1966 111·

108 1985 251 2055 tianosque.
288 1985 482 2040 Comitabantur
497 1987 590 2057 viginti
611 1987 685 2041 aooiae
703 1987 829 2051 cohortes,
846 1989 929 2047 01104

109 2061 225 2132 equitum
249 2059 302 2126 aia,
327 2061 403 2115 simul
426 2061 541 2132 Agrippa
568 2062 749 2132 Sohaemusque
771 2079 854 2133 reges,
878 2065 905 2117 et

110 2137 204 2192 auxilia
219 2136 287 2208 regia
303 2137 431 2204 Antiochi,
444 2137 577 2208 validaque
590 2141 624 2200 et,
642 2137 717 2192 solito
729 2138 797 2192 inter
808 2137 906 2192 accolas

110 2213 177 2277 odio,
189 2213 289 2268 insensa
304 2212 401 2268 Judais
416 2214 531 2269 mabam
547 2231 637 2268 manus
645 2235 653 2279 ;
671 2212 747 2268 multi
762 2231 826 2285 quoa
842 2213 906 2270 urbe

110 2295 188 2360 atque
212 2289 289 2344 Italia
309 2307 356 2344 aua
380 2308 507 2362 quemque
532 2308 590 2360 spes
616 2289 741 2344 acciverat
766 2288 907 2361 occupandi

110 2365 247 2437 principem
261 2365 469 2421 adhuevaouum.
506 2366 625 2421 Hiacum
634 2365 712 2436 copiis
721 2366 930 2428 flneahoatiuma

111 2443 240 2513 ingressus
264 2441 404 2512 composito
428 2442 535 2512 agmine,
559 2448 652 2498 armeta
675 2442 809 2513 explorans
833 2461 908 2514 para·

111 2525 206 2589 tuaque
218 2517 358 2584 decernere,
368 2519 436 2574 haud
448 2521 536 2590 procul
549 2519 735 2591 Hierosolymis
744 2523 828 2576 caetra
836 2519 907 2574 facit.

113 2594 165 2650 Sed
188 2594 306 2666 quoniam
324 2595 426 2651 iemosae
442 2595 513 2650 urbis
533 2614 678 2667 supremum
699 2595 766 2652 diem
786 2593 932 2654 tradituriss

113 2687 210 2738 1111111,
222 2688 363 2742 congruens
375 2671 477 2728 videtur
488 2671 625 2743 primordie
636 2674 692 2742 ejm
704 2672 808 2744 aperire.
