2096 3038
61 206 172 259 *md
228 146 479 196 HISTORIARUM
497 147 548 198 111.
567 151 667 198 15-19.
804 151 849 204 117

61 257 145 328 plures
169 275 244 327 quam
268 263 371 314 centum
394 260 492 331 equites
513 260 637 316 restitere.
674 259 750 315 Juvit
770 266 849 333 locus,
902 249 913 266 ⁰

62 334 168 388 arctiore
184 334 235 390 illic
251 331 299 400 via,
315 341 341 390 et
358 337 439 392 fracto
454 337 624 392 interfluentis
640 337 688 392 rivi
704 341 788 408 ponte,
807 341 851 409 qui

61 411 157 465 incerto
177 412 247 466 alveo
268 419 295 468 et
315 415 486 484 praecipitibus
505 414 567 485 ripis
584 414 672 485 fugam
689 415 850 484 impediebat.

61 488 100 542 Ea
111 489 256 554 necessitas,
269 508 315 544 seu
333 490 442 556 fortuna,
461 491 544 562 lapsas
559 491 612 562 jam
627 494 712 560 partes
728 492 872 546 restituitlt

61 564 167 618 Firmati
184 565 251 619 inter
268 584 295 620 se
310 566 395 621 densis
411 567 540 622 ordinibus
559 567 688 637 excipiunt
701 567 850 622 Vitellianos

61 645 156 696 temere
175 642 275 696 effusos.
312 645 398 713 Atque
418 643 454 697 illi
473 647 675 698 consternantur.
723 643 851 698 Antonius

61 718 156 773 instare
179 718 309 788 perculsis,
333 725 446 774 sternere
469 720 564 774 obvios.
602 719 683 774 Simul
703 721 795 784 caeteri,
820 725 874 774 uta

61 795 152 866 cuique
164 795 301 871 ingenium,
314 796 429 865 spoliare,
441 815 539 867 capere,
556 814 625 850 arma
640 814 768 867 equosque
785 797 851 851 abri-

61 889 128 942 pere.
164 871 200 925 Et
212 871 289 926 exciti
303 889 424 943 prospero
440 873 555 940 clamore,
567 873 611 942 qui
625 873 701 926 modo
716 891 761 942 per
777 891 851 944 agros

61 949 124 1018 iuga
135 947 292 1018 palabantur,
305 949 418 1003 victoriae
430 966 458 1002 se
470 948 616 1002 miscebant.
652 948 695 1002 Ad
707 953 825 1018 quartum
837 957 896 1009 a18

63 1024 188 1078 Cremona
198 1023 307 1094 lapidem
318 1024 415 1078 fulsere
423 1023 551 1093 legionum
567 1023 641 1090 signa
650 1023 759 1093 Rapacis
777 1029 853 1094 atque

62 1099 167 1164 Italicae,
186 1099 245 1152 laeto
262 1099 330 1152 inter
347 1100 420 1153 initia
437 1100 552 1170 equitum
569 1117 673 1154 suorum
691 1099 776 1168 praelio
794 1100 853 1154 illuc

63 1194 145 1246 usque
168 1179 294 1246 provecta.
344 1175 393 1230 Sed
417 1176 461 1231 ubi
484 1177 587 1231 fortuna
610 1181 699 1230 contra
721 1176 778 1240 luit,
803 1183 876 1230 nona

62 1253 148 1308 laxare
166 1251 274 1317 ordines,
294 1269 345 1306 non
362 1252 474 1323 recipere
491 1252 616 1317 turbatos,
632 1270 684 1306 non
698 1249 800 1306 ‘obviam
817 1252 855 1306 ire

63 1329 182 1400 ultroque
194 1329 299 1400 aggredi
317 1330 424 1396 hostem,
436 1333 537 1384 tantum
549 1347 594 1400 per
612 1329 722 1399 spatium
740 1347 816 1384 cursu
828 1333 854 1384 et

63 1405 200 1478 pugnando
224 1406 327 1460 fessum.
368 1406 446 1460 Forte
470 1406 538 1473 victi,
562 1405 630 1460 haud
653 1405 756 1476 perinde
779 1405 855 1461 rebus

63 1483 190 1554 prosperis
221 1481 311 1537 dulcem
341 1482 552 1548 desideraverant,
584 1485 660 1554 atque
687 1483 715 1537 in
744 1482 855 1538 adversis

64 1559 152 1614 deesse
163 1558 346 1630 intelligebant.
384 1560 526 1614 Nutantem
539 1560 616 1615 aciem
629 1559 711 1614 victor
727 1560 878 1630 equitatusl»

66 1636 178 1690 incursat
186 1658 193 1702 ;
213 1640 240 1690 et
251 1635 393 1706 Vipstanus
405 1636 517 1692 Messala
535 1636 653 1691 tribunus
668 1655 725 1690 cum
742 1636 855 1691 Moeaicis

24 1732 28 1742 ·
65 1712 227 1766 auxiliaribus
246 1711 397 1782 assequitur,
411 1731 474 1784 quos
486 1713 504 1782 †
516 1713 612 1769 militie
626 1715 709 1782 (multi
721 1713 766 1781 ei)
778 1713 857 1782 legio-

64 1789 142 1843 nariis
155 1807 289 1859 quanquam
314 1789 407 1859 raptim
419 1789 510 1844 ductos
526 1789 666 1860 aequabant.
703 1790 747 1844 Ita
761 1790 880 1844 mixtusi

64 1865 141 1936 pedes
154 1882 281 1934 equesque
293 1883 384 1934 rupere
395 1865 524 1935 legionum
536 1883 633 1935 agmen.
669 1866 705 1920 Et
717 1865 858 1936 propinqua
886 1911 889 1918 .

66 1939 275 1995 Cremonensium
292 1941 390 2006 moenia,
409 1945 504 2010 quanto
525 1940 582 2010 plus
601 1941 655 2010 spei
675 1941 707 1995 ad
727 1941 856 2011 effugium,

65 2016 187 2070 minorem
206 2014 237 2068 ad
254 2015 422 2068 resistendum
440 2017 551 2070 animum
569 2016 670 2070 dabant.
706 2017 764 2070 Nec
779 2017 902 2070 Anto-19

65 2092 124 2146 uias
142 2089 211 2144 ultra
227 2090 330 2158 institit,
342 2109 438 2144 memor
454 2091 547 2145 laboris
566 2109 595 2146 ac
612 2092 752 2158 vulnerum,
767 2091 859 2161 quibus

67 2167 684 2238 tamarcepspraliifortuuaquamvisprospero
693 2167 858 2238 inaequitas

66 2264 196 2317 equosque
208 2245 378 2300 afflictaverat.
415 2245 581 2300 Inumbrante
592 2263 699 2316 vespera
713 2245 859 2300 universum
867 2253 889 2298 a

66 2323 181 2378 Flaviani
210 2322 337 2378 exercitus
367 2321 445 2377 robur
475 2321 584 2377 advenit.
629 2323 718 2393 thue
745 2324 860 2378 cumulos

68 2418 144 2470 super
160 2402 187 2454 et
202 2399 315 2454 recentia
331 2399 399 2454 caede
415 2399 524 2471 vestigia
538 2399 671 2464 incessere,
689 2399 760 2470 quusi
776 2398 860 2454 debel-

67 2475 148 2530 latum
160 2475 234 2544 soret,
247 2494 352 2546 pergere
365 2475 523 2540 Cremonam,
537 2479 563 2530 et
575 2475 656 2530 victos
668 2475 695 2530 in
707 2475 858 2530 deditionem

69 2552 182 2622 accipere
206 2555 251 2606 aut
275 2570 421 2624 expugnare
444 2551 592 2623 deposcunt.
630 2552 694 2607 Haec
718 2553 745 2607 in
768 2551 883 2617 medio,3

68 2627 174 2698 pulchra
197 2623 275 2682 dictu.
323 2628 373 2682 illa
395 2627 445 2683 sibi
471 2629 584 2700 quisque,
611 2633 710 2700 “posse
738 2629 861 2684 coloniam

8 2781 11 2800 ι
69 2705 144 2776 plano
162 2705 238 2761 sitam
256 2705 353 2778 impetu
371 2707 434 2778 capi.
471 2707 543 2764 Idem
560 2706 670 2763 audaciae
686 2725 732 2778 per
743 2706 861 2761 tenebras
