2086 3026
157 119 207 169 286
490 117 610 166 Taum

156 236 275 302 precatus
289 229 350 286 daos
365 230 504 303 celumque
525 231 673 302 suspiciens,
688 233 729 286 ter
747 229 860 302 singulos
873 230 953 299 tollit,

157 306 271 362 sublatos
283 307 421 362 secuudum
433 309 582 378 impressam
594 311 654 362 aute
662 311 749 362 notam
758 309 953 378 interpretatur.

135 382 186 438 tsi
206 384 397 454 prohibuerunt,
417 384 487 439 nulla
505 384 537 438 de
557 383 645 439 eadem
663 402 692 439 re
713 383 866 439 ineundam
885 383 954 438 diem

157 459 325 526 consultatio;
351 461 391 516 sin
410 461 571 530 permissum,
593 460 766 530 auspiciorum
786 459 869 515 adbuc
887 459 952 514 fides

157 538 278 608 exigitur.
314 539 349 592 Et
372 539 435 592 illud
459 537 562 609 quidem
584 539 662 593 etiam
681 539 723 594 bic
746 541 843 603 uotum,
868 537 953 592 avium

157 631 232 668 voces
241 614 390 684 volatusque
401 614 572 686 interrogare:
591 615 722 685 proprium
734 615 818 684 gentis
829 631 954 684 equorum

135 697 258 760 tquoqus
269 689 392 760 presagia
403 707 432 745 ac
444 692 556 745 monitus
572 690 691 760 experiri.
729 689 832 744 Publice
848 689 955 744 aluntur
1033 699 1035 734 l

157 765 246 820 iisdem
257 765 402 820 nemoribus
412 783 441 821 ao
452 766 516 821 lucis
526 766 633 834 candidi,
645 769 671 821 et
683 765 753 820 nullo
764 765 865 820 mortali
876 781 955 836 opere

157 842 286 907 contacti;
304 859 368 912 quos
380 859 481 912 pressos
498 859 569 897 sacro
582 860 659 898 curru
674 840 791 896 sacerdos
804 859 833 896 ac
845 859 899 906 rex,
913 840 956 895 vel
1033 843 1034 846 ’

157 918 274 990 princeps
291 918 411 982 civitatis
427 919 589 987 comitantur,
607 918 771 988 hinnitusque
788 933 818 972 ac
835 917 956 971 fremitus

136 994 302 1050 cobserrant.
339 995 397 1050 Neo
417 995 464 1049 ulli
482 996 596 1066 auspicio
613 995 695 1065 major
711 993 781 1058 fides,
800 1011 853 1048 non
870 993 955 1048 solum

158 1071 226 1142 apud
242 1071 348 1142 plebem,
366 1070 434 1141 apud
449 1089 574 1140 proceres,
587 1070 654 1142 apud
667 1069 825 1125 sacerdotesz
845 1087 874 1124 se
885 1069 956 1124 enim

156 1149 287 1203 ministros
307 1149 419 1214 deorum,
439 1148 496 1203 illos
516 1149 630 1203 conscios
649 1151 753 1218 putant.
787 1148 837 1202 sat
856 1150 883 1202 et
905 1147 956 1202 alia

158 1224 302 1280 observatio
318 1225 561 1296 auspiciorumque
576 1224 692 1296 gravium
709 1223 831 1278 bellomm
844 1227 955 1278 eventus

137 1301 301 1371 dexplorant.
332 1302 397 1372 Ejus
409 1301 500 1372 gentis,
514 1319 572 1356 cum
584 1298 636 1370 qua
646 1299 741 1354 bellum
753 1303 800 1366 est,
814 1299 953 1369 captivum,

159 1377 348 1446 quoquomodo
360 1379 537 1448 interceptum,
551 1393 610 1431 cum
626 1375 708 1430 electo
724 1375 884 1446 popularium
897 1391 955 1430 suo·

158 1468 222 1515 rum,
236 1453 325 1522 patriis
338 1471 463 1523 quemque
475 1453 559 1518 armis,
573 1451 743 1507 committunt.
779 1451 898 1506 Victoria
908 1452 955 1506 hu·

157 1527 200 1598 jus
212 1528 253 1581 vel
264 1527 333 1582 illius
346 1547 392 1598 pro
404 1529 550 1599 prejudicio
562 1528 693 1599 accipitur.

116 1597 150 1650 ll
193 1603 234 1656 De
245 1603 385 1658 minoribus
401 1604 477 1658 rebus
494 1606 621 1676 principes
637 1603 791 1670 consultant,
809 1603 841 1658 de
853 1604 955 1675 majori·

158 1677 207 1732 bus
230 1695 325 1744 omnes,
350 1680 388 1734 ita
410 1683 496 1735 tamen
520 1685 550 1736 ut
574 1699 605 1737 ea
625 1699 726 1752 quoque
746 1697 855 1750 quorum
875 1698 955 1750 penes

159 1753 258 1824 plebem
282 1755 415 1810 arbitrium
439 1761 487 1822 cst,
514 1758 582 1828 apud
605 1758 732 1829 principes
755 1760 954 1827 pertractentur.

137 1831 269 1897 20oinnt,
288 1831 338 1887 nisi
355 1831 417 1902 quid
434 1832 571 1888 fortuitum
589 1837 616 1888 et
632 1833 746 1888 subitum
760 1832 858 1898 incidit,
875 1833 955 1888 certis

160 1905 257 1976 diebus,
281 1926 340 1964 oum
360 1911 407 1963 aut
427 1908 562 1964 inchoatur
582 1908 644 1963 luna
667 1913 712 1964 aut
735 1908 874 1978 impletur:
892 1927 956 1964 nam

160 1986 265 2057 agendis
284 1986 361 2042 rebus
385 1986 434 2041 hoc
457 1987 688 2056 auspicatissimum
710 1987 813 2041 initium
835 1986 954 2042 madunt

159 2063 218 2118 Nec
230 2062 328 2118 dierum
339 2081 481 2127 numerum,
493 2072 524 2116 ut
536 2081 591 2130 nos,
603 2063 649 2118 sed
665 2063 778 2118 noctium
794 2066 955 2132 computant.

139 2139 204 2194 asic
224 2140 392 2204 constituunt,
415 2138 452 2193 sic
472 2138 625 2194 condicunt:
643 2157 696 2194 nox
716 2139 808 2194 ducere
829 2138 898 2192 diem
919 2140 956 2194 ri-

161 2213 243 2268 detur.
280 2214 350 2269 Illud
365 2233 397 2269 ex
412 2214 531 2270 libertate
547 2215 647 2280 vitium,
663 2215 732 2287 quod
747 2234 798 2270 non
814 2215 891 2270 simul
907 2233 956 2272 neo

160 2290 191 2338 ut
200 2288 266 2355 jussi
278 2291 441 2353 conveniunt,
454 2289 499 2344 sad
511 2293 538 2344 et
554 2291 619 2345 alter
631 2295 657 2346 ct
673 2292 766 2346 tertius
782 2290 836 2346 dies
848 2297 958 2347 cuncta·

139 2359 232 2412 atione
248 2365 394 2417 coeuntium
410 2365 560 2421 absumitur.
597 2368 637 2422 Ut
652 2367 736 2422 turbas
753 2367 857 2438 placuit,
871 2369 958 2424 consi·

161 2429 227 2516 dupt
239 2436 336 2517 armati.
373 2438 507 2495 Silentium
522 2459 569 2512 per
584 2443 736 2510 sacerdotes,
748 2443 840 2515 quibus
856 2447 917 2500 tum
929 2449 958 2502 et

140 2513 351 2573 5⁰0010011OEJ118
370 2514 417 2594 ast,
435 2514 582 2583 imperatur.
618 2519 684 2574 Mox
701 2537 747 2574 rex
763 2519 805 2575 vel
826 2520 957 2594 princeps,

162 2578 238 2642 Pl⁰¹¹t
262 2579 324 2630 aetffl
344 2596 442 2650 mque,
462 2595 540 2656 prout
558 2593 685 2663 nobilitas,
706 2599 783 2666 prout
803 2597 882 2652 decus
904 2598 959 2655 bel-

161 2646 251 2712 lorum,
268 2655 345 2718 prout
360 2653 479 2715 facundia
493 2669 541 2730 est,
559 2668 706 2738 audiuntur,
724 2673 881 2730 auctoritate
897 2693 959 2733 aaa·
