2070 3204
70 363 98 401 r
110 361 135 401 e
146 361 190 411 o
234 299 509 362 Ιιιιειοιιιιιιιιιι
525 299 560 349 11.
578 299 681 351 ιι-ιι.
833 299 868 351 rr

70 412 199 482 ambiguo,
221 414 293 466 oerta
312 410 403 467 funera
420 415 448 467 et
466 411 559 476 luetur,
580 428 630 466 mo
648 409 783 482 qanuun
800 409 866 468 adeo

69 488 133 543 muli
144 506 243 558 expers,
256 491 350 544 utnon
367 487 476 560 aliqum
488 491 596 543 mortem
608 490 731 544 mereret
767 487 887 558 Requi-⁶

70 565 151 620 situm
176 565 266 620 Orfidii
289 565 368 636 legoti
388 583 480 637 eorpus
501 566 596 620 honore
619 563 695 620 solito
718 568 864 632 dematura

70 660 167 713 pauens
182 643 318 698 neeessarii
335 644 447 715 ipsorum
465 644 619 716 sepelivers;
637 646 758 700 esurum
769 643 866 714 vulga·

70 738 150 790 super
160 720 267 775 humum
278 720 403 776 relietum.

107 797 294 866 Opperiebatur
306 797 376 852 Otho
387 798 514 863 nuntium,
531 815 624 870 pugnas
640 815 799 869 nequaquam
811 797 909 854 tre-46

70 874 154 946 pidus,
177 883 204 929 et
221 874 319 929 oonsilii
335 878 428 930 eertus.
464 875 559 930 Maesta
578 875 689 946 primum
708 875 783 941 fama,
803 875 864 932 dein

70 951 174 1023 profugi
197 970 212 1006 e
232 952 318 1024 prelio
336 953 448 1024 perditas
471 971 512 1008 res
534 952 701 1024 pusaeus.
736 953 798 1008 Non
818 959 887 1009 οιιι

70 1029 197 1100 spectarit
220 1029 330 1084 militum
354 1029 429 1084 ardor
448 1047 536 1084 vooem
556 1028 725 1099 imperatoris.
760 1030 864 1086 Bonum

69 1107 176 1162 haberet
185 1107 295 1162 animum
302 1107 442 1178 jubebant:
462 1125 594 1180 superesse
601 1106 684 1162 adhue
694 1125 773 1163 novas
785 1109 862 1174 vires,

70 1189 98 1240 et
116 1185 185 1256 ipsos
204 1187 318 1239 extrema
342 1201 461 1255 passuros
486 1201 648 1254 ausurosque.
692 1183 784 1254 Neque
807 1189 886 1242 erattt

70 1261 198 1316 adulatio:
217 1261 255 1316 ire
263 1261 291 1316 in
302 1261 389 1326 aeiem,
399 1261 511 1316 excitare
519 1261 630 1332 partium
637 1259 765 1314 fortunam
776 1260 864 1316 lurore

69 1336 504 1409 quodametinstinetuflagrabant.
541 1335 691 1406 Quiprooul
702 1335 863 1402 adstiterunt,

69 1414 177 1470 tendere
184 1433 280 1478 manus,
291 1419 318 1471 et
327 1415 435 1487 proximi
443 1431 562 1485 prensare
574 1431 664 1485 genua,
674 1413 862 1484 promptissimo

68 1491 156 1547 Plotio
168 1491 261 1547 Firmo.
298 1493 327 1546 Is
342 1491 454 1563 pretorii
469 1491 604 1562 praeleotus
618 1489 757 1545 identidem
773 1489 886 1548 ombus

68 1587 103 1623 ne
114 1568 264 1624 fidissimum
275 1570 422 1635 exereitum,
435 1587 468 1623 ne
485 1568 580 1639 optime
596 1567 702 1622 meritos
711 1567 808 1624 milites
818 1570 862 1624 do-

69 1649 180 1700 sereret:
208 1649 304 1716 majore
316 1646 399 1700 animo
411 1611 514 1700 tolerari
525 1644 631 1700 adversa
642 1661 717 1715 quam
735 1644 862 1716 relinqui,

68 1721 188 1776 fortes
162 1725 212 1777 e
200 1726 317 1777 strenuos
330 1723 407 1777 etiarn
423 1725 512 1778 eontra
526 1723 656 1778 fortunam
668 1721 786 1776 insistere
797 1721 860 1792 spei,

68 1797 223 1854 timidoset
196 1803 320 1870 ignavos
328 1799 360 1855 ad
368 1798 492 1871 despera
484 1817 568 1855 renem
574 1798 708 1854 formidine
716 1815 860 1869 propems.

68 1875 142 1933 Quas
160 1876 228 1930 inter
247 1895 322 1932 voees
339 1879 371 1930 ut
390 1877 496 1931 flexerat
516 1877 617 1932 vultum
635 1879 681 1930 aut
698 1874 883 1931 nummulo

1 1981 3 2019 t
68 1951 289 2015 Ottho,olarnore
277 1952 420 2024 tgemitus.
457 1952 667 2024 Neopraetoriani
680 1955 883 2022 tantum,me

67 2027 140 2096 prius
159 2027 269 2082 Othonis
292 2028 371 2095 miles,
393 2028 438 2082 sed
460 2029 584 2098 premissi
604 2047 620 2083 e
639 2027 732 2084 Maria
755 2027 861 2084 eandem

69 2101 266 2156 obstinationem
297 2103 459 2158 adventantis
489 2104 623 2170 exereitus,
646 2103 758 2174 legiones
782 2105 860 2173 Aqui.

68 2175 144 2230 leiam
164 2177 290 2246 ingressas
313 2178 481 2245 nuntiabant;
510 2183 542 2233 ut
564 2197 639 2233 nemo
662 2178 763 2233 dubitet
786 2183 860 2248 pota·

69 2253 120 2308 isse
132 2253 248 2307 renovari
265 2253 358 2308 bellum
371 2257 451 2320 atrox,
469 2255 585 2326 lugubre,
603 2255 729 2310 insertum
746 2253 822 2308 vietis
833 2257 860 2309 st

68 2328 216 2384 victoribus.
252 2330 320 2401 Ipse,
344 2347 447 2384 aversus
468 2348 484 2384 a
504 2330 615 2385 consiliis
638 2329 706 2395 belli,
730 2329 902 2396 “Hune'’ll

68 2406 160 2476 inquit,
175 2410 192 2434 ‘³
200 2406 319 2473 animum,
332 2407 398 2461 hano
406 2407 528 2462 virtutem
540 2409 650 2461 vestram
662 2404 730 2462 ultre
741 2405 859 2476 perieulis

69 2483 177 2552 objicere
188 2483 263 2538 nimis
273 2483 368 2555 grande
379 2483 439 2538 vitre
451 2501 513 2538 mess
525 2483 635 2554 pretium
647 2485 718 2554 puto.
753 2483 858 2544 Quanto

69 2559 126 2630 plus
138 2559 192 2630 spei
208 2559 351 2626 ostenditis,
365 2559 387 2614 si
404 2559 490 2616 rivere
501 2560 619 2631 placeret,
638 2563 712 2615 tauto
729 2560 859 2632 pulehrior

69 2653 137 2690 mors
153 2635 210 2690 erit.
246 2637 356 2708 Experti
373 2637 400 2690 in
418 2636 498 2691 vieem
519 2655 614 2702 sumus,
634 2655 683 2709 ego
699 2655 728 2692 ao
745 2637 880 2694 senonas

69 2711 126 2766 Nee
142 2714 245 2783 tempus
266 2712 488 2784 computaveritis:
516 2712 641 2768 diffieilius
660 2717 700 2768 est
715 2717 857 2784 temperas

69 2787 192 2853 felicitati,
205 2793 295 2860 quate
306 2807 359 2844 non
372 2792 448 2860 putea
463 2788 509 2844 diu
520 2809 634 2846 usunmr.
670 2791 752 2846 Civile
763 2789 880 2846 belluna

70 2864 202 2921 oVitellio
215 2867 300 2938 eoepit,
313 2869 341 2922 et
354 2869 385 2922 ut
402 2865 434 2922 de
449 2867 595 2939 prinoipatu
605 2869 764 2924 portaremus
773 2863 859 2930 emir,
