2096 3038
174 63 221 112 154
506 59 629 109 ‘raom

806 122 890 170 [ae.
898 123 926 163 e.
936 123 985 164 ssa

171 170 300 228 Mulvium
325 170 424 242 positis,
449 174 553 242 postera
579 170 620 226 die
646 169 736 226 urbem
762 171 986 242 ingrederentur.

172 249 252 304 Ratio
265 247 408 312 cunctandi,
422 266 455 302 ne
467 251 599 319 asperatus
612 247 698 318 proelio
710 247 791 311 miles,
803 265 860 302 non
872 249 987 320 populo,

172 343 225 380 non
249 324 358 388 senatrri,
380 342 413 378 ne
434 323 536 395 templis
557 323 659 394 quidem
680 341 710 379 ae
730 323 845 378 delubris
870 325 988 381 deorum

151 401 324 458 teonsuleret.
362 399 413 454 Sed
429 419 528 456 omnem
547 400 715 471 prolationem
729 405 760 455 ut
775 401 916 456 inimicam
933 403 987 457 vie·

172 479 245 533 toriae
258 475 446 547 suspectabant.
483 477 565 531 Simul
576 477 702 548 fulgemia
717 495 763 548 per
774 477 856 532 eolles
874 479 984 543 vexilla,

174 572 319 625 quanquam
335 553 443 608 imbellis
460 553 569 624 populus
581 557 739 624 sequeretur,
748 554 864 624 speeiem
877 555 984 610 hostilis

150 631 302 686 teneruitus
320 630 442 685 fecerant.
479 631 618 702 Tripertito
636 631 736 702 agmine
756 648 825 700 pars,
843 635 879 686 ut
902 633 985 687 adsti-

174 711 249 774 terat,
267 707 393 762 Flaminia
408 707 457 772 via,
473 725 532 777 pars
545 711 623 776 juxta
638 708 719 778 ripam
735 707 836 762 'liberis
853 709 982 774 incessit;

175 784 280 838 tertium
289 801 380 853 agmen
390 801 435 854 per
444 783 563 838 Salariam
575 783 679 838 Collinae
688 787 769 852 porta
778 783 982 855 propinquabat.

174 859 259 924 Plebs,
271 859 378 914 invectis
391 859 529 930 equitibus,
546 860 618 925 lusa3
646 859 718 913 miles
729 859 892 914 Vitellianus
905 862 982 916 trinis

152 938 202 990 set
219 935 274 1005 ipse
291 934 414 1006 presidiis
435 935 556 991 ooeurrit.
592 935 684 990 Proelia
702 939 763 990 unte
780 935 877 990 urbem
899 937 982 991 multa

175 1015 202 1067 et
223 1012 301 1077 varia,
322 1011 369 1067 sed
389 1012 524 1080 Flavianis,
545 1011 650 1067 oonsilio
668 1011 761 1066 dueum
781 1013 981 1082 prestantibus,

175 1088 268 1160 sapius
292 1106 420 1159 prospera.
456 1089 482 1143 Ii
504 1091 606 1144 tantum
630 1087 769 1143 conflictati
792 1091 856 1142 sunt
884 1090 934 1160 qui
956 1091 981 1144 in

174 1169 274 1236 partem
304 1164 433 1219 sinistram
455 1163 526 1220 urbis
555 1164 588 1219 ad
615 1163 781 1219 Sallustianos
804 1163 910 1232 hortos,
937 1184 980 1237 per

154 1244 286 1310 ragusa
312 1244 339 1296 et
363 1240 461 1296 lubrioa
483 1240 582 1296 viarum
608 1241 749 1308 flexerant„
791 1241 979 1311 Superstantes

176 1318 291 1373 maceriis
302 1317 435 1372 hortorum
446 1317 579 1373 Vitelliani
591 1317 720 1373 adseram
732 1336 813 1388 usque
826 1318 900 1373 diem
912 1321 979 1376 saxis

176 1394 284 1466 pilisque
303 1393 443 1450 subeuntes
464 1395 591 1463 arcebant,
613 1395 693 1450 donee
717 1394 748 1449 ab
769 1393 914 1464 equitibus,
937 1396 980 1466 qui

155 1475 251 1543 operta
263 1471 784 1542 Collinairruperant,eiroumvenirentur.
814 1471 979 1527 Concurrere

176 1548 246 1603 etin
262 1565 350 1619 eampo
367 1547 465 1603 Martio
483 1547 584 1603 infesta
602 1548 676 1603 ames.
712 1549 763 1601 Pro
779 1546 913 1603 Flavianis
929 1549 979 1603 fur-

178 1627 240 1680 tuna
263 1628 290 1680 et
312 1627 387 1691 parta
405 1624 482 1679 toties
500 1624 622 1679 motoria:
647 1623 780 1678 Vitelliani
798 1623 978 1694 desperatione

177 1701 232 1756 sola
248 1701 373 1766 ruebant3
391 1704 426 1766 et,
439 1719 583 1772 quanquam
595 1700 669 1772 pulsi,
685 1719 774 1755 rursus
791 1700 819 1754 in
835 1700 903 1756 urbe
922 1721 978 1757 oon-

133 1784 170 1838 83
179 1777 359 1848 gregabantur.
395 1777 493 1832 Aderat
511 1777 685 1848 pugnantibus
707 1779 837 1848 spectator
858 1778 976 1848 populus,

180 1858 260 1925 utque
279 1855 308 1908 in
326 1853 424 1910 ludioro
442 1854 587 1918 cedarnine,
607 1854 661 1918 hos,
679 1872 769 1908 rursus
789 1853 847 1908 illos
868 1853 977 1908 elamore

178 1934 206 1987 et
229 1931 320 2004 plausu
343 1930 453 1986 fovebat.
501 1930 611 1989 Quoties
634 1948 693 2000 pars
718 1929 798 1984 altera
820 1929 976 1994 inclinasset,

180 2008 279 2063 abditos
291 2007 319 2062 in
330 2007 443 2062 tabernis
455 2009 500 2060 aut
512 2006 535 2060 si
547 2024 623 2076 quam
638 2007 666 2060 in
682 2005 785 2062 domum
801 2005 975 2076 perfugerant,
1015 2057 1016 2078 ,

180 2085 236 2140 erui
257 2083 420 2157 jugularique
443 2082 635 2154 expostulantes
661 2088 734 2154 parte
760 2081 855 2153 majore
883 2082 975 2152 praeda
1015 2079 1016 2082 ’

179 2163 358 2234 potiebantur:
382 2180 449 2226 nam,
471 2160 552 2214 milite
572 2159 605 2214 ad
622 2161 771 2232 sanguinem
789 2163 816 2214 et
833 2159 918 2214 aedes
936 2161 975 2216 ob

157 2245 261 2302 averso,
283 2237 364 2308 spolia
383 2238 411 2292 in
430 2236 523 2308 milgus
544 2235 675 2291 cedebant.
713 2237 786 2292 Sava
806 2253 836 2290 ae
856 2235 974 2290 deformis

180 2312 242 2366 urbe
254 2316 311 2368 tota
322 2313 408 2368 facies.
444 2313 513 2368 Alibi
530 2312 617 2383 prelia
628 2316 655 2368 et
667 2313 780 2378 vulnere,
793 2311 853 2366 abbi
869 2311 973 2368 balinea

179 2386 345 2458 popinaeque;
379 2388 454 2442 simul
477 2407 552 2442 eruor
576 2392 603 2442 et
627 2393 711 2444 strues
736 2406 878 2458 corporum,
899 2391 973 2457 Juxta

180 2466 266 2515 soorta
285 2465 312 2514 et
332 2462 424 2513 scortis
445 2463 555 2527 similes;
581 2467 706 2532 quantum
725 2465 753 2518 in
771 2463 902 2518 luxurioso
923 2465 972 2519 otio
1015 2457 1016 2534 l

180 2533 322 2594 libidinum,
335 2533 459 2600 quidquid
470 2535 498 2586 in
509 2536 671 2593 acerbissima
682 2539 831 2609 captivitate
845 2538 970 2606 scelerum,

183 2624 288 2676 prorsus
311 2609 342 2658 ut
366 2606 471 2658 eandem
494 2608 624 2665 civitatem
648 2618 675 2668 et
698 2615 783 2670 furere
807 2615 920 2670 crederes
946 2619 972 2670 et
