2086 3026
209 115 255 164 ιω
543 107 665 157 neom
1034 55 1036 172 i

841 170 883 219 [Δ.
893 169 924 210 U.
935 171 958 210 0.
967 170 1004 211 ΒΕ

204 221 397 294 campunarum
421 219 564 276 cohortium
592 219 705 285 hiberno,
729 218 851 290 proximu
876 227 1003 292 oacrrpetn,

204 300 308 356 Oceano
323 297 451 368 irrumpit.
487 297 545 353 Nec
561 295 732 368 praeviderant
748 295 880 366 impetum
899 297 1004 352 hostium
1035 323 1036 348 r

204 377 313 443 milites;
331 392 387 441 nee,
400 375 423 430 si
441 373 625 445 previdissent,
639 373 806 430 murinum
822 372 861 428 ad
874 375 1004 432 arcendum
1035 375 1036 416 i

181 457 268 509 teret.
306 452 390 524 Gapta
413 450 495 523 igitur
517 469 547 506 ao
570 449 672 522 direpta
694 453 786 508 onus
822 450 900 507 Dein
924 469 1002 526 uagos

202 534 230 586 et
247 530 318 602 pecie
333 527 408 586 modo
428 527 531 597 effusos,
547 527 612 586 uras
629 527 859 598 mgouatorasque
878 529 1004 586 Romanos
1029 480 1036 630 i

203 607 336 662 invadunt.
367 605 449 660 Simul
460 603 565 661 excidiis
577 605 738 660 castellorum
750 604 943 674 imminebant3
956 624 1003 678 que
1035 663 1036 666 ,

203 701 219 738 a
230 682 359 754 praefectis
371 681 515 738 cohortium
526 681 629 736 incensa
640 685 710 747 sunt,
722 681 783 752 quia
799 681 911 737 defendi
922 684 1003 754 nequi·

179 759 272 815 obcnt.
309 759 389 832 Sigon
399 758 542 830 vexillaque
554 764 581 813 et
593 757 662 829 quod
672 757 784 812 militum
800 758 829 812 in
847 761 1002 831 superiorem
1025 825 1026 830 ἵ

201 835 292 892 insulae
310 838 410 907 partem
426 838 623 906 congregantur,
638 834 703 891 duce
720 833 826 906 Aquilio
845 836 1000 908 primipilari

200 929 293 968 nomen
310 911 393 982 magis
410 912 540 968 exercitus
564 929 640 983 quam
663 911 756 966 robur:
775 911 885 982 quippo,
910 915 999 970 viribus

200 991 343 1046 cohortium
367 989 492 1056 abductis,
515 989 638 1047 Vitellius
660 1008 676 1046 s
696 989 820 1060 proximis
844 991 998 1049 Nerviorum

200 1067 434 1138 Germanorumque
451 1066 524 1138 pagis
542 1085 647 1138 segnem
662 1083 797 1121 numerum
815 1069 901 1124 armis
919 1087 998 1126 onera

156 1146 279 1203 leverat.
315 1142 412 1208 civilis,
430 1143 488 1198 dolo
504 1143 672 1214 grassandum
687 1145 767 1208 rotun,
782 1142 922 1201 incusavit
939 1147 997 1202 ultro

198 1221 332 1292 praefectos
353 1219 422 1291 quod
439 1220 543 1276 castella
566 1219 752 1276 deseruissent:
773 1224 859 1276 “sese
879 1240 943 1278 cum
964 1241 997 1278 co

197 1295 280 1364 horto,
297 1297 340 1352 cui
351 1300 467 1368 praeerat,
481 1296 674 1352 Canninefatem
685 1296 827 1352 tumultum
839 1314 997 1370 compressu·

175 1380 272 1438 urum3
302 1373 339 1430 illi
358 1373 532 1445 unoquisque
552 1373 658 1429 hiberna
676 1374 849 1445 repeterent.’'
891 1377 998 1432 Subesse

196 1447 312 1504 fraudm
328 1449 433 1506 oonsilio
451 1453 478 1505 at
490 1450 618 1522 dispersas
630 1449 748 1506 cohortes
760 1449 863 1505 facilius
882 1453 997 1524 opprimi,

195 1542 243 1584 noo
255 1525 411 1582 Brinnonem
420 1526 512 1582 ducem
523 1527 579 1598 ejus
588 1527 649 1584 belli
660 1526 705 1582 sed
714 1526 822 1582 Oivilem
832 1545 895 1584 essa
907 1531 996 1601 potnit,

195 1602 387 1674 erumpentibus
399 1603 523 1674 paulatim
529 1603 639 1670 indiciis,
647 1622 704 1674 quae
717 1603 846 1668 Germani,
859 1604 925 1662 laeta
936 1607 997 1662 bello

168 1695 267 1749 egens,
280 1697 332 1734 non
349 1678 394 1735 diu
410 1679 610 1736 occultaverant.
649 1680 701 1736 Ubi
717 1679 817 1736 insidis
833 1699 933 1751 parom
949 1701 997 1740 ces

194 1771 258 1822 sere,
272 1755 304 1812 cd
315 1756 368 1813 vim
379 1759 556 1828 transgressus
569 1757 757 1826 Canninefates,
766 1756 874 1826 Frisios,
884 1759 996 1816 &taum

194 1832 305 1902 propriis
329 1833 417 1888 cuneis
441 1833 579 1904 componit.
616 1833 722 1890 Directs
744 1852 777 1889 cx
800 1833 908 1891 disemo
933 1838 995 1893 emes

194 1906 264 1964 haud
280 1910 370 1980 procul
388 1927 404 1964 a
421 1909 528 1965 flumine
548 1909 648 1978 Rheno,
667 1909 694 1966 et
711 1909 826 1966 obversis
844 1911 874 1965 in
896 1913 994 1969 hostem
1035 1931 1036 1958 t

170 1985 308 2051 ansehn,
322 2003 394 2058 qnos,
407 1985 518 2042 imoensis
530 1986 650 2052 castellis,
663 1986 724 2042 illuc
739 1985 904 2057 appulerant.
942 1991 970 2045 N
971 2007 995 2045 ec

191 2061 237 2118 din
252 2065 350 2119 certato
366 2063 529 2135 Tungrorum
546 2063 638 2119 cohors
656 2063 729 2136 signa
745 2063 777 2118 ad
789 2063 901 2120 Civilem
913 2069 995 2122 usus

190 2139 268 2207 tulit;
287 2140 447 2212 permrlsique
462 2139 556 2196 milites
572 2140 709 2211 improvisa
725 2139 869 2211 proditione
889 2143 995 2199 asociis

162 2214 359 2288 bhostibusqno
379 2216 549 2274 cedebantur.
585 2216 683 2272 Eadem
703 2217 780 2272 ctiam
800 2216 916 2274 navibus
939 2239 996 2291 per·

190 2289 257 2344 fidis
293 2292 357 2348 Pars
380 2293 507 2365 remigum
530 2311 545 2348 o
568 2292 683 2360 Batauis,
706 2297 828 2365 tunquam
852 2293 994 2366 imperitia,

189 2363 272 2419 officia
282 2373 418 2424 nautarum
429 2372 700 2442 propugnatorumque
712 2369 894 2441 impediebant.
928 2373 995 2429 Mor
1035 2367 1036 2382 ¹

189 2443 279 2496 contra
298 2443 411 2508 tendere,
436 2449 463 2499 et
487 2465 585 2516 puppes
602 2447 690 2502 hostili
707 2447 770 2518 ripas
787 2447 914 2518 objicere.
952 2451 994 2506 Ad

191 2518 349 2582 postremum
373 2517 557 2582 gubernatores
580 2523 801 2592 centurionesque,
825 2521 875 2577 nisi
902 2526 994 2581 cadom
1035 2523 1036 2550 ¹

188 2585 311 2647 uolentes,
332 2586 462 2638 trucidant
483 2589 564 2645 donoc
584 2595 703 2650 universa
720 2599 830 2665 quattror
850 2601 878 2652 ot
896 2599 995 2668 viginti

147 2657 293 2714 lemanum
315 2655 403 2710 classis
426 2660 600 2728 transfugeret
616 2672 664 2723 ant
681 2673 823 2739 oaperotur.
861 2671 943 2731 Clara
958 2693 992 2734 aa
1035 2701 1036 2734 i
