2070 3204
142 139 159 185 8
479 135 599 186 neom
782 195 934 247 [mum

118 247 206 302 teonis
223 246 251 302 in
268 244 331 302 duas
348 245 472 302 factiones
495 246 682 302 scindebantur.
718 245 811 301 Vinius
828 263 875 316 pno
892 245 935 300 M.

141 323 260 378 Othone:
279 323 349 378 Laco
367 327 444 394 atque
462 323 547 378 Icelus
564 341 689 378 consensu
706 341 758 378 nun
778 326 830 376 tam
853 339 936 376 unum

117 399 250 470 deliquem
276 399 396 455 fovebant
420 417 495 470 quam
519 399 603 454 alium.
652 399 744 469 Neque
767 401 822 453 eret
846 397 936 453 Gelbes

140 475 230 544 ignote
248 476 357 530 Othonis
382 493 412 530 ac
431 475 484 530 Titi
503 475 574 529 Vinii
594 474 721 539 amicitia;
739 477 765 529 et
788 473 934 530 rumoribus

140 550 204 605 nihil
222 551 323 606 silentio
343 551 580 616 transmittentium,
602 551 674 621 (qma
688 550 765 604 Vinio
780 549 858 605 uidua
872 549 933 614 iilis,

117 627 231 690 coelebs
243 628 335 697 Otho)
348 647 427 699 gener
445 646 474 684 ac
490 645 562 684 socer
574 627 773 682 destinabantur.
811 626 894 682 Credo
905 631 934 682 et

140 703 179 758 rei
194 703 302 774 publicae
315 721 402 759 curam
416 703 522 770 subisse,
539 704 637 759 frustm
647 722 663 758 a
674 704 777 758 Nerone
794 702 934 770 trcmletm,

117 779 164 845 tsi
176 779 243 849 apud
255 779 383 835 Othonem
400 779 593 848 relinqueretur.
629 779 748 850 Namque
765 779 835 834 Otho
851 778 934 850 pneri-

141 855 204 910 tiem
216 856 350 921 incuriose,
363 855 557 911 adolescentiam
571 856 716 926 petulanter
727 858 823 926 egerat,
844 858 934 926 gratus

117 931 240 988 sNeroni
258 932 417 988 emulatione
434 932 517 988 luxus.
554 933 644 1003 quue
664 932 717 1002 jam
736 932 871 1002 Poppeam
889 931 933 986 Sa·

140 1007 232 1074 binam,
247 1008 385 1080 principale
396 1012 517 1074 scortum,
530 1011 560 1062 ut
572 1007 640 1078 apud
651 1008 779 1064 conscium
792 1007 932 1073 libidinum,

116 1083 298 1154 9deposuerat,
313 1085 394 1142 donec
409 1085 541 1142 Octaviam
555 1102 661 1140 uxorem
676 1084 830 1156 amoliretur.
866 1083 933 1138 Mox

140 1167 287 1232 suspectum
299 1163 327 1218 in
338 1162 426 1218 cadem
438 1163 549 1232 Poppaeo
559 1161 587 1215 in
603 1161 756 1232 provinciam
773 1159 933 1216 Lusitaniam

102 1239 223 1306 loepecie
238 1239 372 1310 legationis
390 1239 511 1309 seposuit.
548 1237 618 1294 Otho
634 1238 740 1292 comiter
757 1236 934 1292 administrata

139 1314 269 1382 provincia
279 1314 376 1383 primus
393 1315 421 1368 in
432 1317 517 1384 partes
533 1317 715 1386 transgressus,
733 1331 780 1369 nec
799 1313 893 1384 segnis,
905 1317 933 1368 et

139 1387 220 1445 donec
242 1389 336 1444 bellum
367 1391 426 1456 fuit,
450 1390 518 1445 inter
540 1394 679 1460 presentes
705 1389 931 1462 splendidissimus,

139 1481 211 1534 spem
228 1464 370 1535 adoptionis
388 1465 476 1520 statim
497 1469 646 1537 conceptam
666 1467 750 1522 acrius
770 1467 798 1522 in
818 1466 872 1522 dies
893 1485 933 1522 re·

139 1540 232 1610 piebat,
244 1540 388 1596 faventibus
400 1541 527 1613 plerisque
538 1543 654 1609 militum,
667 1561 748 1614 prona
758 1543 786 1598 in
798 1561 857 1598 eum
875 1542 934 1598 auls

94 1624 131 1678 14
140 1616 250 1672 Neronis
267 1621 298 1671 ut
316 1617 430 1672 similem.
467 1618 519 1674 Sed
536 1618 615 1674 Galba
630 1624 688 1690 post
706 1620 812 1676 nuntios
829 1620 934 1674 Germa-

138 1693 202 1748 nice
231 1692 371 1758 seditionis,
395 1711 540 1764 quanquam
567 1695 631 1750 nilril
659 1695 742 1750 adhuc
771 1695 803 1750 de
826 1695 932 1750 Vitellio

139 1773 247 1834 certum,
265 1769 355 1824 anxins
373 1787 482 1840 quonam
498 1769 656 1824 exercituum
673 1771 712 1826 vis
730 1774 881 1842 erumperet,
899 1789 932 1828 ne

138 1845 236 1900 urbano
248 1846 350 1916 quidem
366 1845 442 1901 militi
459 1846 576 1910 confisus,
590 1845 658 1916 quod
673 1846 812 1902 remedium
828 1848 932 1902 unicum

138 1921 250 1988 rebatur,
272 1921 375 1978 comitia
394 1921 494 1993 imperii
514 1921 653 1992 transigit3
670 1921 835 1994 adhibitoque
855 1942 932 1994 super

138 1995 244 2054 Vinium
257 2017 286 2056 ac
298 1999 426 2056 Laconem
443 1998 528 2054 Mario
543 1998 618 2054 Gelso
635 1998 739 2054 consule
753 1999 886 2072 designato
902 2019 932 2058 uc

138 2073 255 2132 Ducenio
280 2077 387 2133 Gemino
410 2076 531 2148 prefecto
553 2075 632 2142 urbis,
657 2093 739 2148 panca
759 2077 881 2147 praelatus
899 2076 931 2132 de

138 2169 186 2208 sua
197 2158 336 2220 senectute,
354 2153 474 2210 Pisonem
488 2152 649 2208 Licinianum
669 2153 764 2208 accersi
783 2153 865 2224 jubet,
885 2171 930 2210 sen

138 2230 240 2298 propria
251 2231 381 2298 electione,
393 2231 446 2286 sive
459 2231 499 2297 (ut
515 2229 617 2300 quidam
633 2229 814 2298 crediderunt)
829 2229 931 2284 Lacone

138 2303 258 2370 instante,
280 2307 322 2360 oui
343 2306 410 2376 apud
430 2305 577 2360 Rubellium
600 2306 720 2361 Plautum
741 2305 931 2361 exercitatum

101 2397 108 2416 ι
138 2379 232 2435 Pisone
253 2381 377 2436 amicitia:
408 2381 453 2434 sed
473 2380 562 2436 callide
584 2385 615 2436 ut
635 2382 751 2453 ignmum
772 2381 882 2446 fovebat,
904 2385 930 2436 et

138 2473 260 2526 prospera
271 2455 303 2511 de
314 2456 407 2511 Pisone
423 2455 491 2510 lama
506 2457 611 2512 oonsilio
627 2458 682 2529 ejus
699 2458 774 2514 iidem
791 2457 929 2512 addiderat.
1027 2463 1028 2468 ’

115 2535 200 2595 2Piso
212 2533 250 2588 M.
264 2533 357 2589 Crasso
369 2536 396 2590 et
418 2531 548 2588 Scribonio
563 2534 674 2604 genitus,
694 2533 785 2590 nobilis
802 2535 927 2604 utrinqne,

138 2612 214 2668 vultu
235 2611 375 2681 habituque
395 2610 473 2666 moris
492 2611 598 2680 antiqui,
619 2614 646 2666 et
670 2611 836 2666 aestimatione
859 2617 929 2666 reeta

138 2705 250 2753 severus,
275 2687 388 2744 deterius
411 2685 638 2755 interpretantibus
659 2686 757 2742 tristior
780 2685 927 2742 habebatur.
