2086 3026
85 197 104 236 A
123 198 143 236 D
159 199 199 248 w]
262 137 514 186 HISTORIARUM
532 137 575 185 lv.
593 139 697 186 42-46.
832 141 878 188 18⁵

83 249 208 304 actionem
222 255 373 322 repeterent,
385 250 483 306 monmt
501 265 615 304 sermone
632 247 702 302 molli
719 249 746 302 et
757 249 878 319 tanquam

82 329 192 395 rogaret.
228 329 318 384 Patres
341 332 478 399 coeptatam
500 325 651 389 libertatem,
676 326 810 394 postquam
833 325 902 380 ‹rb-2

82 401 149 455 viam
175 403 247 469 itum,
275 406 388 460 omisere.
425 403 570 467 Mucianus,
597 419 630 456 ne
656 399 741 470 sperni
765 401 875 458 Senatus

78 476 209 546 judicium,
227 484 254 534 et
274 482 373 536 cunetis
393 480 441 536 sub
457 481 560 534 Nerone
581 477 696 532 admissis
712 475 773 532 data
792 477 875 548 impu-

80 553 148 608 nitas
170 555 304 622 videretur,
324 557 459 612 Octavium
475 555 601 626 Sagittam
620 557 647 608 et
667 553 810 608 Antistium
829 555 876 609 So·

81 628 188 696 sianum,
203 632 328 688 Senatorii
343 633 445 698 ordinis,
458 649 574 702 egressos
590 629 713 697 exsilium,
729 629 757 685 in
771 629 873 686 eudem

78 703 174 761 insulas
190 709 296 780 redegit.
333 710 454 766 Octavius
470 707 589 762 Pontiam
606 705 771 772 Postumiam,
784 709 898 778 stuprat

79 783 207 854 cognitam
222 789 248 840 ct
264 787 366 857 nuptias
382 803 441 841 suas
460 784 619 847 abnuentem,
635 781 762 852 impotens
779 783 873 838 amoris

78 857 256 927 interiecerat;
275 863 395 916 Sosianus
424 859 549 931 pravitate
577 875 676 912 morum
704 858 792 913 multis
820 860 872 914 exi·

77 934 168 990 tiosus.
205 937 288 992 Ambo
308 937 380 1008 gravi
399 937 508 991 Senatus
526 933 642 988 consulto
662 932 775 988 &musti
793 935 873 1004 pulsi-

79 1028 136 1080 que,
162 1011 275 1081 quamvis
301 1029 421 1067 concesso
444 1010 499 1064 aliis
521 1008 614 1072 reditu,
637 1007 666 1061 iu
688 1008 775 1063 eadem
797 1027 872 1078 poeus

77 1086 173 1140 retenti
189 1091 257 1141 sunt.
293 1088 350 1143 Nec
364 1087 422 1142 ideo
435 1086 514 1140 lenita
529 1101 590 1154 erga
605 1082 754 1138 Mucianum
769 1083 897 1142 mvidiae

80 1161 184 1232 Quippe
203 1162 323 1218 Sosianus
340 1181 369 1218 ac
388 1162 487 1233 Sagitta
497 1160 568 1226 viles,
580 1159 656 1214 etiam
676 1158 870 1214 sireverteren-

76 1241 136 1292 tur:
156 1242 331 1294 accusatorum
347 1239 449 1309 ingenia
463 1241 490 1292 et
505 1253 566 1307 opes
578 1239 605 1290 et
616 1234 728 1290 exercita
744 1234 817 1290 malis
828 1253 870 1291 ar-

76 1313 147 1369 tibus
159 1315 276 1386 potentia
286 1315 448 1371 timebantur.
970 1341 976 1356 ι

111 1389 295 1447 Reconciliavit
325 1391 455 1461 paulisper
484 1393 569 1448 studia
594 1395 702 1450 Patmru
729 1395 816 1451 habita
844 1397 918 1456 in45

76 1471 174 1526 Senatu
194 1466 306 1537 cognitio
325 1467 465 1523 secuudum
485 1473 598 1525 veterem
619 1489 721 1528 morem.
757 1473 870 1530 Manlius

76 1544 217 1611 Patruitus,
243 1543 359 1611 Senator,
383 1544 512 1615 pulsatum
539 1565 565 1602 se
588 1547 616 1602 in
643 1547 741 1603 colonia
764 1550 870 1606 Senensi

75 1625 144 1678 coetu
159 1618 331 1674 multitudinis
345 1623 372 1674 et
385 1620 460 1691 jussu
476 1622 684 1693 Magistratuum,
699 1625 867 1696 querebatur:

75 1715 121 1753 nec
133 1697 208 1752 finem
224 1695 323 1766 injuria
338 1695 381 1750 bic
397 1697 514 1754 stetisse:
534 1699 666 1768 planctum
680 1704 707 1756 et
718 1701 830 1756 lamenta
840 1705 867 1758 st

74 1789 252 1843 supremorum
269 1771 404 1840 imaginem
425 1774 546 1844 presenti
565 1773 615 1830 sibi
635 1775 791 1830 circumdata
808 1795 867 1832 curn

73 1845 234 1904 columellis
252 1849 279 1900 et
294 1846 400 1916 probris,
417 1867 473 1918 quae
488 1849 516 1902 in
532 1850 655 1904 Senatum
670 1851 816 1906 universum
829 1853 866 1923 ja·

74 1925 201 1978 curentur.
231 1919 332 1986 Vocati,
344 1922 388 1991 qui
399 1923 579 1993 arguebantur.
609 1925 652 1988 ut,
666 1926 769 1994 cognita
779 1943 864 1993 causa,

73 1999 102 2053 in
113 1996 242 2053 convictos
254 1995 417 2052 vindicatum.
453 1997 627 2069 Additumque
645 2000 748 2054 senatds
766 2002 867 2056 consul-

73 2079 130 2129 tum
154 2089 205 2144 quo
235 2071 385 2126 Senensium
407 2073 493 2142 plebes
521 2073 651 2129 modestiae
679 2074 864 2133 admoneretur.

74 2150 170 2205 liedem
182 2148 270 2203 dicbus
277 2148 405 2203 Antonius
412 2149 525 2204 Flamma
532 2149 718 2221 Cyrenensibus
731 2150 866 2209 damnatur

72 2227 129 2298 lege
140 2223 346 2296 repetundarum,
360 2228 387 2280 et
399 2225 489 2281 exsilio
501 2225 533 2282 ob
545 2225 676 2282 saevitiam.

107 2304 180 2358 Inter
204 2319 260 2374 quse
283 2300 398 2358 militaris
427 2301 519 2358 seditio
542 2320 622 2374 prope
645 2303 748 2359 exarsit.
795 2303 909 2362 Fra-46

72 2379 195 2434 torianam
219 2377 335 2433 militiam
354 2378 503 2450 repetebant
527 2397 543 2434 a
563 2379 668 2435 Vitellio
691 2379 797 2447 dimissi,
816 2399 863 2452 pro

71 2455 228 2526 Vespasiano
244 2455 407 2526 congregati:
427 2459 454 2510 et
471 2454 572 2512 illectus
590 2456 618 2511 in
635 2457 741 2513 eandem
757 2475 863 2528 spems

71 2531 211 2603 legionibus
240 2531 313 2586 miles
342 2531 467 2602 promissa
495 2532 623 2603 stipendia
649 2533 798 2605 flagitabat:
828 2551 863 2588 ne

75 2607 202 2663 Vitelliani
218 2608 319 2679 quidem
335 2608 390 2663 sine
407 2608 488 2664 multa
501 2609 569 2664 crede
586 2609 646 2681 pelli
663 2613 798 2681 poterant;
816 2608 863 2664 sed

71 2686 191 2741 immensa
202 2683 309 2755 pecunia
324 2683 462 2755 dicebatur,
474 2704 524 2757 qua
539 2689 614 2742 tanta
629 2687 667 2743 vis
679 2685 809 2742 hominum
821 2699 863 2738 re·
