2086 3026
195 124 242 174 lea
538 124 659 175 mecm

827 187 862 236 [A.
873 187 901 228 U.
911 188 934 228 0.
944 188 987 230 82&

192 253 264 292 suam
277 235 312 290 D.
323 235 400 303 lulio,
412 253 459 306 per
471 235 565 292 Gellius
580 236 693 302 bellanti,
706 253 811 306 corpore
827 241 906 307 etque
917 237 990 294 adul·

170 314 257 370 8terio
269 313 400 384 placuisse.
437 313 476 368 Hi
488 314 592 369 secretis
605 312 764 368 sermonibus
777 313 873 368 animos
886 317 990 368 cetere

191 409 248 446 rum
264 389 380 444 serutari.
416 389 477 454 Ubi,
491 408 554 461 quos
570 389 674 444 idoneos
690 387 819 454 rebantur,
833 389 991 444 couscientia

191 467 357 534 obstrinxere,
369 466 396 520 iu
407 466 506 522 colonia
518 465 701 537 Agrippinensi
712 466 739 520 in
749 465 852 520 domum
860 465 988 534 privatam

191 543 352 598 conveniunt.
377 542 445 598 Nam
458 542 557 613 publice
569 543 658 598 civitas
670 541 764 598 talibus
776 542 888 612 inceptis
899 541 989 596 abhor-

190 618 280 673 rebat:
307 621 420 674 attamen
439 619 578 674 interfuere
599 617 699 690 quidam
723 617 849 672 Ubiorum
869 617 988 688 Tungro

167 704 304 765 anumque.
341 695 391 750 Sed
403 694 511 766 piurima
522 695 561 750 vis
573 713 650 765 penes
662 695 787 748 Treveros
796 711 826 748 ec
835 693 986 763 Lingonas:

188 787 236 825 uec
253 770 335 826 tulere
355 789 438 826 mores
459 771 626 827 consultandi.
663 769 786 825 Certatim
808 769 986 839 proclamant:

188 846 273 902 furere
294 846 425 902 discordiis
444 847 571 918 Populum
593 847 744 911 Romanum,
762 864 842 900 caesas
861 845 985 917 legiones,

188 926 315 978 vastatam
327 923 436 990 Italiam,
450 924 506 994 capi
518 942 574 978 cum
588 923 696 978 maxime
707 922 803 988 urbem,
813 940 902 977 omnes
915 941 985 978 exer·
1028 961 1029 996 q

188 1000 254 1055 citus
273 1000 326 1056 suis
344 1018 469 1071 quemque
487 999 558 1055 bellis
577 999 692 1055 detineri.
729 999 756 1053 si
768 999 847 1068 Alpes
859 999 985 1068 praesidiis
1028 1005 1029 1046 ἶ

188 1076 327 1146 firmentur,
348 1077 440 1132 coalita
459 1076 584 1140 libertate,
604 1075 761 1146 dispeotnres
783 1074 886 1139 Gallias,
908 1093 984 1146 quem

142 1153 281 1210 56virium
304 1172 407 1210 suarum
431 1153 567 1209 terminum
587 1151 673 1206 velint.
711 1153 774 1205 Hoec
797 1150 865 1206 dicta
887 1152 985 1220 pariter

189 1231 352 1301 probataque.
388 1231 429 1285 De
450 1229 563 1300 reliquiis
582 1227 715 1284 Vitelliani
733 1227 860 1282 exercitus
883 1227 984 1283 dubita-

188 1324 254 1362 vere.
290 1307 408 1378 Plerique
424 1305 610 1362 interficiendos
627 1303 770 1368 censebant,
788 1302 914 1372 turbidos,
926 1305 982 1360 iufi-

164 1380 241 1447 2dos,
258 1383 380 1453 sangnine
398 1383 500 1438 Ducum
517 1381 636 1452 pollutos.
674 1380 743 1434 Vicit
760 1380 825 1434 ratio
841 1381 981 1449 parcendi:

186 1475 226 1522 ue,
244 1457 344 1512 sublata
361 1477 406 1528 spe
423 1459 509 1524 venie,
527 1456 691 1529 pertinaciam
707 1455 882 1512 accenderent.
919 1457 982 1512 Alli-

186 1532 287 1586 oieudos
299 1534 385 1603 potius
396 1535 424 1588 in
435 1536 589 1590 societatem.
625 1533 731 1604 Legatis
741 1536 841 1588 tantum
850 1531 981 1603 legionum

185 1607 334 1673 interiectis,
359 1613 478 1664 caeterum
501 1611 602 1682 vulgus,
627 1609 781 1666 conscientia
804 1608 929 1662 scelerum
954 1613 980 1664 et

158 1693 230 1754 nepe
250 1684 418 1756 impunitatis,
433 1686 506 1742 facile
525 1705 693 1742 accessurum.
729 1686 769 1740 Ea
788 1685 863 1756 primi
881 1686 979 1740 consilii

183 1761 272 1818 forma
308 1762 434 1834 Missique
452 1782 497 1834 per
515 1765 609 1820 Gallias
628 1763 769 1819 concitores
789 1761 857 1818 belli.
895 1763 978 1818 Simu-

69 1885 73 1892 ,
182 1837 264 1896 latum
284 1838 347 1910 ipsis
368 1839 524 1912 obsequium,
542 1858 593 1912 quo
610 1840 775 1895 incautiorem
792 1837 917 1894 Voculam
936 1857 977 1909 op

182 1916 328 1987 primerent.
365 1916 421 1972 Nec
433 1915 543 1982 desuem,
557 1916 601 1988 qui
613 1915 718 1971 Voculae
730 1915 888 1970 nuntiarent.
927 1914 977 1970 Sed

182 1993 249 2050 vires
267 1993 300 2048 ad
317 1993 481 2050 coercendum
493 1993 605 2057 deerant,
619 1992 766 2063 infrequent
754 1990 824 2046 tibus
842 1990 976 2062 infidisque

158 2069 332 2142 elegionibus.
369 2071 441 2125 Inter
453 2069 584 2139 embiguos
595 2068 728 2124 militeset
747 2066 860 2122 occultos
879 2066 974 2132 hostes,

180 2149 305 2218 optimum
321 2145 514 2218 cpraesentibus
530 2149 571 2200 rat
571 2163 610 2212 us,
559 2148 713 2200 tmutua
729 2143 880 2229 dissimulat
860 2147 933 2200 tmne
950 2147 976 2200 et

178 2222 275 2288 iisdem,
289 2225 381 2294 quibus
393 2227 535 2294 petebatur,
548 2221 646 2278 artibus
658 2217 788 2292 grossam
805 2217 833 2275 in
851 2219 976 2276 coloniam

153 2298 389 2368 tdgnppmensem
398 2298 536 2354 descendit
572 2298 639 2354 llluc
649 2297 770 2354 Claudius
780 2295 875 2361 Labeo
891 2316 973 2368 qnam,

177 2376 280 2441 captum
303 2379 330 2428 et
356 2379 429 2430 extra
452 2378 604 2432 conventum
629 2375 749 2430 amandat
750 2393 793 2428 um
817 2373 845 2428 in
868 2372 974 2440 Frisios,
1026 2365 1027 2382 ¹

177 2445 294 2510 diximus,
312 2451 438 2518 corruptis
455 2451 602 2506 custodibus
624 2451 743 2539 perfugit.
725 2449 883 2505 tPollicit
871 2453 975 2521 tuaque,

176 2519 198 2572 si
216 2521 363 2586 presidium
381 2524 531 2591 deminuit
510 2530 605 2580 uturum
623 2527 650 2580 iu
668 2527 780 2581 Batavos
797 2533 825 2580 et
846 2527 972 2595 potiorem

175 2591 287 2646 civitatis
299 2598 396 2662 partem
409 2598 441 2650 ad
457 2601 604 2655 societatem
621 2602 762 2656 Romanam
781 2619 809 2656 re
809 2604 972 2668 t5moturum

175 2670 279 2735 accepte
296 2667 410 2736 peditum
427 2673 590 2743 equitumque
608 2676 707 2732 modica
723 2696 806 2741 manu,
820 2676 884 2730 nibil
903 2645 972 2746 apud
1025 2691 1026 2772 p
