2096 3038
251 125 511 178 HISTORIARUM
528 125 580 177 111.
598 126 701 179 78-82,
831 131 877 178 153

11 205 17 220 ι
84 191 110 231 Δ.
121 190 147 230 Ι).
157 187 199 238 ea]

83 241 153 310 pitur
164 239 300 311 prefectus
309 239 354 295 alec
362 239 462 296 Tullius
470 239 624 305 Plancum
642 238 729 294 ceteri
737 237 804 294 freda
816 239 878 312 fuge

82 319 285 384 consternentur,
308 333 361 371 non
383 317 452 371 ultra
474 315 583 371 Fidenas
607 317 702 372 secutis
730 315 877 375 victoribus.

82 395 121 450 Eo
133 413 254 450 successu
262 395 349 449 studia
357 395 444 466 populi
456 398 546 461 suotm
564 393 657 466 vulgus
669 394 794 449 urbanum
807 413 877 450 arma
886 396 923 450 80

82 471 157 542 oepit.
195 471 288 526 Paucis
300 474 374 526 acute
384 471 520 537 militaria;
537 471 631 542 plnres,
643 471 731 542 raptis,
745 471 813 542 quod
825 472 879 527 cui-

15 583 19 616 3
82 565 132 618 que
159 547 271 613 obvium,
295 547 362 614 telis,
387 549 489 620 signnm
512 565 605 619 pugne
628 553 778 620 exposcsmt.
814 549 878 620 Agit

11 647 13 656 ¹
80 629 167 696 grates
176 625 305 692 Vitellius,
314 627 341 680 et
353 624 384 680 ad
391 625 512 680 tuendum
524 624 614 680 urbem
623 643 788 696 prorumpere
795 626 877 697 jubet.

81 701 153 766 Mox,
171 705 262 756 vocato
279 705 377 767 senate,
396 701 544 772 deliguntur
558 701 637 773 legati
653 701 686 756 sd
699 703 834 768 exercitus,
848 705 900 763 uta

81 781 208 847 pretextu
229 777 375 848 reipublice
395 777 555 833 concordiam
576 795 713 849 pacemque
734 779 878 834 suaderent.

15 892 18 924 ,
81 855 159 910 Varia
174 855 317 926 legatorum
334 873 389 910 sors
404 855 463 908 tuit.
499 854 553 914 Qui
567 855 661 910 Petilio
679 856 772 910 Ceriali
789 871 901 916 occur-e

14 969 18 978 ‚
80 935 176 996 rorant,
195 935 338 985 extremum
355 930 491 984 discrimen
509 929 600 996 adiere,
625 935 776 1002 aspernante
796 933 878 988 milite

11 1049 14 1084 ἱ
78 1007 240 1060 conditiones
257 1007 335 1075 pacis.
372 1005 530 1060 vulneratur
547 1009 641 1076 pretor
661 1007 789 1061 Amrlenns
810 1008 878 1062 Rus·
986 1049 993 1060 .

80 1082 156 1136 tious.
192 1082 277 1136 Auxit
292 1080 420 1148 insidiam,
440 1099 517 1152 super
528 1081 650 1136 violatum
662 1081 740 1153 legati
751 1083 879 1153 praetorie-

11 1199 16 1233 Ξ
79 1175 131 1228 que
156 1175 256 1222 nomen,
277 1156 380 1228 propriu
400 1157 514 1226 dignatio
532 1157 588 1212 viri.
624 1157 747 1212 Pelantur
766 1159 902 1228 comitant

78 1233 206 1289 occiditur
220 1234 352 1304 proximus
368 1233 450 1299 lictor,
468 1233 596 1288 dimovere
613 1233 715 1288 turbam
733 1251 827 1289 ausus:
852 1238 879 1290 et
974 1234 978 1240 ’

78 1310 107 1364 ni
120 1310 180 1366 doto
193 1310 284 1366 educe
301 1310 418 1381 prasidio
431 1310 529 1366 defensi
543 1309 637 1375 ierant,
651 1327 751 1366 socrum
763 1311 840 1366 etiam
852 1311 879 1367 in

11 1431 12 1460 1
78 1391 181 1442 exteras
199 1391 289 1460 gentes
306 1387 449 1459 legatorum
464 1387 507 1458 jus
525 1390 586 1441 ente
605 1387 661 1458 ipsa
680 1387 769 1458 patries
787 1388 879 1443 moeniu

77 1464 160 1519 civilis
172 1464 254 1520 rabies
266 1481 348 1536 usque
359 1465 387 1520 in
398 1464 505 1520 exitium
516 1464 677 1519 temerasset.
713 1464 900 1536 AEquioribusfi

78 1541 170 1596 animis
182 1543 280 1612 accepti
292 1545 353 1597 sunt
363 1542 406 1613 qui
418 1541 451 1596 ad
462 1541 603 1596 Antonium
615 1545 744 1607 venerant,
755 1559 807 1596 non
818 1542 878 1613 quia

77 1617 219 1672 modestior
234 1618 315 1684 miles,
327 1618 372 1674 sed
389 1618 449 1674 duci
463 1617 520 1690 plus
533 1617 700 1672 auctoritatis.
737 1618 877 1674 Miscuerat
885 1623 920 1678 81

79 1711 107 1748 ee
124 1693 216 1765 legatis
235 1695 370 1750 Musonius
388 1693 482 1762 Rudis,
499 1694 626 1766 equestris
644 1693 748 1760 ordinis,
761 1695 877 1751 studium

78 1770 244 1841 philosophia
268 1774 294 1826 et
317 1771 412 1842 placita
436 1772 580 1827 Stoicorum
604 1771 754 1838 eemrdstus3
784 1777 876 1842 ooepte-

78 1845 174 1916 batque
190 1847 331 1917 permixtus
344 1845 487 1918 manipulis,
498 1847 566 1902 bons
583 1847 652 1918 pacis
669 1865 698 1902 ao
713 1847 774 1902 belli
789 1847 877 1904 discri-

78 1921 149 1974 mina
160 1921 294 1988 disserens,
308 1927 418 1978 umatus
430 1939 540 1978 monere.
576 1923 610 1977 Id
619 1923 747 1993 plerisque
758 1922 899 1990 ludibrica

79 1995 197 2066 pluribus
208 1997 299 2062 tedio;
318 2015 365 2053 nec
384 1998 488 2053 deerant
506 1997 550 2070 qui
563 1997 733 2069 propellerent
749 1999 879 2068 proculca-

80 2075 199 2142 rerutque,
211 2072 238 2126 ni
250 2073 381 2128 admonitu
392 2073 573 2128 modestissimi
584 2073 715 2144 cujusque,
729 2077 755 2128 et
767 2073 822 2127 eliis
831 2075 878 2128 mi-

81 2148 235 2214 nitantibus,
249 2149 376 2204 omisisset
387 2149 593 2220 intempestivam
604 2149 762 2219 sapientiam.
788 2149 898 2208 Obvius

79 2225 153 2280 fuere
177 2228 204 2281 et
227 2225 338 2298 virgines
362 2225 479 2281 Vestales
504 2241 562 2280 cum
586 2224 700 2297 epistolis
723 2225 822 2280 Vitellii
845 2226 877 2282 ad

79 2303 225 2358 Antonium
246 2301 355 2374 scriptis.
392 2302 477 2358 llximi
501 2319 620 2373 supremo
643 2301 775 2356 certamini
798 2319 877 2358 uuum

79 2379 148 2434 diem
157 2379 318 2450 postulabat:
338 2379 361 2434 si
371 2395 468 2434 morsm
480 2379 673 2450 interjecissent‚
683 2378 781 2434 facilius
793 2381 877 2435 omnia

79 2459 244 2512 conventura.
281 2457 402 2528 Virgines
427 2473 485 2512 curn
508 2456 604 2510 honore
625 2455 753 2522 dimissam
770 2457 898 2514 vitellios

79 2533 239 2605 rescriptum,
255 2533 341 2590 Sebini
357 2533 426 2590 sede
442 2537 469 2589 et
485 2533 601 2589 incendio
619 2533 739 2606 (ispitolii
751 2533 876 2606 dirempta

79 2609 141 2666 belli
151 2615 310 2666 commercia.
346 2610 467 2666 Tentavit
478 2614 565 2666 temen
580 2611 708 2666 Antonius
724 2615 826 2666 vocatas
843 2611 920 2670 adea

78 2687 226 2744 conderem
243 2687 356 2759 legiones
374 2687 500 2760 mitigare,
518 2691 557 2756 ut,
573 2686 664 2745 eastris
678 2687 755 2760 juxte
771 2692 875 2759 pontem
