2096 3038
185 142 231 192 lit)
518 139 638 189 TACITI

817 201 851 250 [A.
862 201 889 242 U.
898 203 922 242 0.
933 203 983 245 822.

183 250 337 316 namtas,
348 250 417 306 haud
431 249 554 306 diuturna
568 250 652 307 vinela
666 249 735 322 apud
750 250 837 306 avidos
852 252 985 322 periendo-

158 339 240 386 4rum
256 331 284 384 at
301 327 430 383 dedeeoria
449 345 560 384 amarae.
596 328 635 384 Eo
656 331 728 382 metu
747 331 775 383 et
795 328 890 398 parreia,
912 347 984 400 quoe

182 404 288 460 adverae
307 419 360 458 non
382 407 550 469 mutaverant,
570 403 759 470 comitantibus,
781 405 899 459 eohortea
919 406 985 460 Ari·

180 480 278 535 minum
297 480 437 550 praemittit,
457 480 522 535 alam
542 481 611 535 tueri
630 483 705 551 terga
720 480 811 551 jubet:
828 481 884 550 ipsa
903 481 983 536 flexit

180 555 208 610 in
224 556 357 612 Umbriam
372 560 449 628 atque
462 556 522 612 inde
536 556 674 622 Etruriam,
691 555 743 622 ubi,
762 557 865 628 eegnito
883 574 983 627 pugnae
1027 559 1029 658 Α

181 632 359 688 Cremonensis
377 646 479 698 eventu,
497 651 550 688 non
566 634 695 705 ignavum,
714 637 748 700 et,
767 633 789 688 ai
806 632 979 703 provenisset,

110 750 114 755 .
164 713 255 763 atrox
277 709 410 765 eonsilium
433 710 497 778 iniit,
517 714 556 775 ut,
581 709 689 782 arreptis
706 708 822 774 navibus,
842 709 869 763 in
887 727 981 780 quam-

180 785 710 858 eunqnepartemNarbonenaieprovineim
717 803 842 856 egressus,
849 785 979 841 Galliaeet

179 861 307 916 exercitur
319 865 345 917 et
358 862 498 918 Germanie
510 866 600 933 genter
612 879 757 932 novumque
769 861 862 916 bellum
873 861 966 918 cieret.

133 935 171 998 42
228 937 351 1008 Digressu
382 938 498 1004 Valente,
524 937 637 1009 trepidos
669 937 714 1008 qui
737 937 879 992 Ariminum
904 942 977 994 tene-

179 1012 249 1080 bant,
263 1014 397 1070 Corneliae
409 1014 517 1074 Fuscus.
533 1013 636 1070 admoto
652 1014 767 1069 exereitu
783 1018 810 1068 et
825 1013 910 1068 mieaie
929 1034 979 1086 per

179 1091 294 1161 proxima
304 1091 408 1147 litorum
419 1091 572 1158 Libumieia‚
584 1095 654 1146 terra
671 1091 785 1162 marique
799 1091 978 1148 circumvenit.

154 1168 343 1239 lOoeupantur
354 1168 429 1239 plana
440 1167 554 1224 Umbria
570 1171 597 1223 et
608 1185 660 1238 qua
671 1167 781 1222 Pieeuua
798 1185 860 1238 ager
871 1168 976 1224 Hadria

178 1244 289 1300 alluit-ur.
324 1245 465 1316 Omniaque
488 1245 565 1300 Italia
581 1243 650 1299 inter
667 1244 852 1314 Vespasianum
873 1262 903 1299 ae
927 1247 977 1301 Vi-

154 1320 276 1379 ttellium
293 1321 421 1391 Apennini
434 1321 507 1392 jugie
524 1319 692 1376 dividebatur.
728 1319 823 1375 Fabius
841 1319 937 1376 Valens
959 1341 976 1378 e

177 1395 236 1450 ainu
266 1396 368 1461 Pisano,
393 1397 503 1468 segnitia
530 1397 607 1452 merie
636 1399 682 1450 aut
709 1395 859 1451 adversante
884 1402 973 1465 vento,

176 1475 280 1540 partum
291 1471 412 1526 Heruulie
425 1472 537 1528 Monoeei
549 1472 690 1544 depellitur.
721 1471 801 1527 Haud
812 1473 901 1543 procul
912 1475 974 1530 iude

177 1546 269 1616 agebat
293 1546 392 1601 Mariua
420 1546 550 1612 Maturus,
575 1549 679 1619 Alpium
702 1549 885 1604 maritimarum
913 1569 975 1621 pro·

160 1647 162 1652 ·
176 1630 287 1687 curator,
302 1621 368 1676 sidus
381 1621 493 1688 Vitellio,
506 1624 581 1695 eujus
593 1628 780 1680 aemamentum
792 1626 890 1680 eunctis
903 1629 975 1683 eirea

150 1696 556 1760 4heetilibuanondumexuerat.
584 1700 757 1758 IaVulentem
765 1703 872 1756 comiter
880 1721 973 1775 exeep

174 1777 239 1840 tuni,
263 1791 296 1830 me
319 1773 427 1830 Galliam
450 1775 643 1832 Narbonensem
666 1781 764 1834 temere
783 1778 972 1850 ingrederetur,

174 1850 302 1907 monendo
313 1852 424 1918 terruit;
442 1852 518 1908 simul
530 1858 682 1909 eeterorum
694 1855 757 1910 fides
768 1860 841 1910 metu
851 1855 971 1912 imiraeta

172 1927 292 2000 Namque
304 1928 478 2001 eirearnjeutaa
490 1930 607 1986 civitatee
619 1935 769 2002 procurator
776 1932 894 1987 Valerius
902 1933 972 1988 Pau-

172 2005 249 2073 linus,
268 2009 388 2062 strennue
409 2006 514 2071 militiae,
533 2009 560 2062 et
578 2007 736 2078 Vespasiano
757 2012 816 2064 ante
840 2008 972 2064 fortunam

123 2093 163 2152 43
173 2084 276 2150 mnieua
289 2083 316 2140 in
327 2082 405 2139 verba
415 2083 471 2155 ejus
484 2081 620 2155 adegerat:

207 2159 371 2231 Concitieque
383 2160 500 2216 omnibus
512 2160 557 2230 qui
568 2160 726 2216 exauctorati
739 2159 867 2216 aVitellio
874 2160 971 2216 bellum

170 2241 262 2306 aperite
269 2235 410 2303 sumebant,
419 2235 617 2308 l'orojuliensem
626 2237 756 2303 eoloniam,
765 2237 877 2292 claustra
885 2239 972 2306 maris,

169 2311 286 2384 prasidio
295 2312 423 2378 tuebatur,
431 2331 462 2368 eo
471 2313 573 2384 gravior
581 2316 678 2379 auctor,
692 2312 761 2385 quod
769 2313 878 2368 Paulino
887 2314 973 2384 patria

169 2385 265 2440 Forum
273 2387 332 2453 Iuli,
339 2391 367 2442 et
376 2387 457 2443 henos
467 2388 536 2459 apud
542 2389 715 2460 praetorianus,
725 2407 834 2460 quorum
841 2389 972 2460 quendam

169 2461 290 2516 tribunus
307 2463 400 2517 iuerat.
436 2465 542 2534 Ipsique
559 2465 659 2536 pagani,
672 2465 759 2520 favore
777 2466 926 2537 municipali
943 2471 971 2522 et

143 2536 264 2602 2iuturoe
275 2538 397 2606 potentia
409 2555 461 2607 ape,
472 2539 562 2609 juvare
574 2545 659 2610 partes
676 2541 865 2596 annitebantur.
903 2542 971 2601 Qum

169 2612 215 2666 ubi
226 2614 318 2681 paratu
334 2611 407 2666 firma
422 2616 449 2666 et
467 2619 542 2668 aucta
559 2633 661 2671 rumore
678 2615 747 2686 apud
763 2617 847 2672 varios
866 2617 971 2672 Vitelli·

169 2703 275 2742 anorum
287 2686 384 2741 animm
393 2685 560 2752 inarebruere‚
569 2689 663 2746 Fabius
672 2691 774 2758 Valens,
788 2711 847 2747 eum
857 2700 968 2763 quatuor
