2104 3022
207 128 255 175 254
413 124 532 174 TACl'l'l
551 124 662 172 GERM.
673 126 712 182 45,
723 125 762 172 46.

206 255 259 291 non
269 235 344 292 modo
358 234 502 290 alibertata
518 234 652 290 sedetiam
664 251 679 288 a
694 233 818 288 cerritulo
834 230 1003 302 degenerant.

207 313 260 368 Hic
272 311 370 366 Sueviae
381 310 446 365 finis.

160 396 197 450 46
241 387 411 442 Peucinomm
434 385 642 455 Venetorumque
665 387 692 440 et
715 385 860 438 Fennorum
882 382 1000 438 nationes

207 462 338 518 Germanis
351 479 384 514 an
396 461 517 514 Sarmatis
528 461 652 516 ascribam
665 460 761 524 dubito,
775 476 917 530 quanquam
933 459 1000 514 Peu-

209 539 267 602 cini,
289 555 352 607 quos
376 535 478 606 quidam
498 537 637 591 Bastarnas
655 539 754 601 vocant,
776 552 899 598 sermone,
916 535 998 600 cultu,

206 613 266 668 sede
293 630 322 666 ac
348 611 481 666 domiciliis
504 615 535 666 ut
562 613 681 668 Germani
705 614 792 682 agunt.
828 609 920 664 Sordes
946 628 999 666 om-

205 689 277 742 nium
298 705 327 742 ao
344 691 448 758 torpor:
475 705 608 757 procerum
629 687 760 743 connubiis
780 686 867 741 mixtis
884 686 1001 742 nonnihil

182 763 233 820 2in
249 764 420 818 Sarmatarum
432 762 548 817 habitum
559 763 693 818 ioedautur.
730 763 825 818 Veneti
839 761 948 816 mulium
965 781 999 817 ex

205 839 318 895 moribus
329 843 481 894 traxerunt:
500 857 560 895 nam
572 838 692 910 quicquid
703 839 771 894 inter
786 839 914 894 Peucinos
932 838 999 893 Fen-

206 932 303 986 nosque
323 915 443 970 silvarum
460 932 489 968 ac
507 915 632 968 montium
652 915 766 985 erigitur,
783 913 921 969 latrociniis
941 933 999 986 pet-

184 1013 190 1039 :
206 995 299 1046 errant.
343 991 381 1044 Hi
396 994 482 1046 tamen
496 989 564 1044 inter
580 991 727 1046 Germanos.
738 989 823 1060 potius
843 989 999 1056 reseruntur,

206 1067 266 1136 quia
277 1070 304 1121 et
315 1066 403 1120 domos
415 1066 498 1136 figunt
509 1069 536 1120 et
548 1069 621 1120 scuta
632 1069 735 1136 gestum
746 1069 773 1119 ct
782 1064 896 1135 peditum
906 1084 957 1120 usu
969 1084 999 1122 ac

205 1142 356 1212 pernicitate
372 1141 501 1211 gaudent3
520 1159 577 1210 qum
588 1141 673 1196 omnia
688 1141 787 1196 diversa
803 1141 925 1196 Smmalis
937 1148 999 1196 sunt

182 1218 234 1272 ein
252 1218 367 1286 plaustro
388 1233 502 1286 equoque
519 1216 670 1272 viventibus.
706 1217 799 1272 Fennis
820 1217 884 1271 mma
900 1217 998 1283 ferilos,

184 1293 275 1350 ,soeda
294 1295 445 1362 paupercus:
462 1309 515 1346 non
537 1309 613 1357 arma,
637 1310 688 1347 non
711 1293 777 1363 equi,
801 1310 853 1348 uon
875 1298 998 1364 penaten

206 1369 287 1424 victui
309 1369 394 1433 herba,
416 1369 521 1423 vestitui
544 1369 629 1440 pelles,
651 1369 733 1425 cubile
755 1369 855 1424 humus.
892 1369 953 1424 Sola
971 1370 999 1425 in

206 1444 308 1513 sagittis
317 1461 383 1513 spes,
393 1462 464 1514 quas,
474 1444 559 1514 inopia
567 1445 635 1510 ferri,
645 1444 744 1500 ossibus
752 1448 877 1515 asperent.
913 1445 999 1501 Idem-

206 1536 256 1586 que
267 1524 374 1572 venatus
386 1519 454 1572 viros
472 1519 565 1588 pariter
580 1538 610 1574 ac
625 1520 731 1575 feminas
746 1521 806 1574 alil:
824 1520 919 1590 possim
932 1522 999 1576 enim

181 1593 367 1659 ecemitantur,
379 1596 527 1662 partemque
539 1595 629 1664 praedae
638 1599 737 1666 petunt.
773 1596 829 1650 Nec
841 1595 910 1650 aliud
918 1597 999 1651 infan-

182 1713 185 1725 .
207 1666 276 1721 tibus
288 1667 399 1720 ferarum
411 1667 580 1739 imbriumque
589 1671 735 1742 suffugium,
749 1689 823 1742 quam
836 1671 901 1736 utin
913 1672 998 1743 aliquo

206 1760 333 1797 ramorum
344 1760 413 1796 nexu
424 1747 600 1814 contegantur.
637 1749 700 1801 Huc
708 1745 816 1802 redeunt
822 1747 938 1817 juvenes,
950 1749 997 1802 hoc

206 1838 295 1876 senum
316 1820 509 1891 receptaculum.
547 1822 598 1877 Sed
619 1825 720 1878 beatius
744 1823 899 1878 arbitrantur
923 1843 998 1896 quam

183 1921 191 1959 χ
206 1897 335 1967 ingemere
347 1897 422 1967 egris,
436 1896 568 1952 illaborare
580 1898 703 1964 domibus,
716 1918 775 1957 suas
787 1900 933 1970 alienasque
948 1901 998 1956 for-

183 1978 283 2028 clunes
295 1991 340 2044 spa
354 1977 475 2044 metuque
486 1991 594 2030 versare.
632 1975 720 2030 Securi
737 1975 857 2031 adversus
873 1977 997 2041 homines,

205 2049 291 2104 securi
302 2048 422 2104 adversus
434 2048 503 2114 deos,
515 2067 568 2104 rem
582 2050 749 2106 difficilimum
763 2052 874 2106 assecuti
885 2057 956 2118 sunl,
968 2055 998 2106 ut

206 2123 256 2178 illis
268 2142 301 2178 ne
312 2129 372 2178 roto
389 2123 491 2195 quidem
502 2142 565 2194 opus
580 2129 655 2180 esset.
692 2127 789 2180 Cretera
795 2130 850 2196 jam
865 2127 998 2184 fabulosa:

207 2199 338 2253 Hellusios
354 2203 380 2253 el
395 2199 507 2254 Oxionas
524 2217 569 2254 ora
585 2201 714 2255 hominum
730 2201 875 2272 vultusque,
892 2221 999 2275 corpora

181 2327 184 2336 Ι
208 2277 362 2340 atqueartus
372 2275 483 2328 ferarum
493 2293 599 2345 gerere;
618 2276 686 2348 quod
695 2295 752 2346 ego,
763 2282 793 2332 ul
802 2278 997 2348 incompertum,

207 2345 235 2396 in
246 2346 358 2401 medium
368 2349 517 2420 relinquam.
