2070 3204
87 420 106 458 r
123 420 142 458 r>
159 420 200 468 o]
275 358 526 408 nrsronranum
544 360 564 408 1.
582 361 685 409 ra-ao.
845 333 876 412 rr

27 523 31 532 ,
85 469 287 540 innocentiaeque
308 470 380 540 quasi
399 470 470 526 malis
492 471 590 526 artibus
610 471 712 527 infensi.
748 471 831 528 Caedis
849 477 902 531 etl

86 546 228 616 praedarum
248 547 348 600 initium
369 550 396 600 et
416 547 513 618 optimo
533 548 624 619 carique
642 549 779 618 perniciem
798 550 877 619 quari

86 623 231 693 apparebat.
268 622 319 678 Sed
342 623 439 678 Othoni
458 623 569 678 nondum
589 625 727 679 auctoritas
745 625 827 680 inerat
845 625 901 683 adt

86 699 270 769 prohibendum
286 699 381 754 scelus:
403 699 493 770 jubere
504 701 557 771 jam
572 705 680 771 poterat.
717 701 760 756 Ita
776 701 877 756 suama-

86 775 157 830 tione
177 776 228 840 ira,
252 775 342 830 vinciri
357 776 458 846 jussum
478 780 505 831 et
523 777 630 848 majores
651 795 737 848 paoeuas
758 777 877 832 <laturum

86 851 219 916 affirmans,
228 851 347 922 prasenti
356 851 434 906 exitio
442 851 576 907 subtraxit.
612 854 705 908 Omnia
713 853 803 908 deiude
813 855 877 909 arbi·
886 860 924 913 46

85 928 137 982 trio
149 929 259 982 militum
271 932 334 982 acta
379 929 495 983 Praetorii
506 929 639 999 praefectos
658 930 767 1000 sibiipsi
783 931 875 1002 legere,

85 1004 199 1059 Plotium
211 1005 323 1059 Firmum
338 1021 352 1058 e
364 1005 561 1075 manipularibus
574 1005 708 1076 quondam,
722 1012 779 1060 tum
795 1007 877 1077 vigui-

84 1080 134 1135 bus
143 1080 306 1151 prepositum
319 1083 345 1135 et
357 1080 476 1135 incolumi
488 1081 570 1136 adhuc
579 1081 659 1136 Galba
670 1086 755 1152 partes
767 1083 877 1138 Othonis

85 1161 210 1212 secutum.
246 1156 404 1228 Adjungitur
414 1157 529 1212 Licinius
537 1157 669 1225 Proculus,
678 1158 902 1218 intimatamilia·2

84 1233 162 1288 ritate
186 1233 303 1300 Othonis,
320 1236 453 1303 suspectus
477 1233 581 1288 musilia
601 1233 655 1304 ejus
674 1234 774 1288 fovisse.
811 1235 878 1290 Urbi

85 1308 202 1364 Flavium
221 1309 342 1364 Sabinum
358 1309 500 1380 praefecere,
517 1309 641 1379 judicium
658 1309 769 1364 Neronis
786 1311 875 1377 secuti,

85 1388 133 1443 sub
145 1405 196 1458 quo
208 1385 314 1442 eandem
331 1405 417 1442 curam
435 1386 587 1452 obtinuerat,
600 1387 726 1458 plerisque
742 1387 878 1458 Vespasia-

84 1481 146 1518 num
164 1463 268 1518 fratrem
286 1464 314 1517 in
331 1481 361 1518 eo
378 1462 578 1534 respicientibus.
614 1463 769 1534 Flagitutum
787 1469 817 1518 ut
835 1480 901 1525 vas

85 1540 197 1594 cationes
221 1539 336 1611 praestari
360 1539 550 1594 centurionibus
574 1539 655 1594 solitae
675 1541 875 1596 remitterentur.

85 1616 204 1687 Namque
216 1617 347 1688 gregarius
357 1615 428 1670 miles
440 1619 470 1670 ut
482 1615 606 1670 tributum
619 1635 730 1672 annuum
742 1617 875 1688 pendebat.

86 1693 187 1752 Quarta
198 1712 256 1764 pars
268 1692 390 1762 manipuli
402 1711 488 1762 sparsa
497 1711 542 1762 per
549 1697 706 1749 commeatus
718 1702 763 1748 aut
775 1695 803 1748 in
814 1695 901 1765 ipsias

85 1770 176 1824 castris
205 1789 276 1842 vaga,
302 1769 362 1823 dum
391 1768 532 1824 mercedem
560 1769 702 1825 centurioni
726 1771 875 1836 exsolveret,

84 1865 166 1917 neque
184 1846 286 1902 modum
304 1845 387 1900 oneris
408 1845 540 1916 quisquam
560 1865 642 1916 neque
663 1865 743 1918 genua
764 1851 876 1917 quaestus

84 1923 157 1994 pensi
168 1923 285 1978 habebat,
321 1923 372 1977 Per
383 1922 516 1977 latrocinia
531 1926 558 1976 et
574 1927 664 1994 raptus
681 1927 725 1978 aut
744 1923 900 1979 servilibus5

84 2001 231 2056 ministeriis
254 2001 363 2055 militare
381 2000 462 2054 otium
482 2000 647 2056 redimebant.
682 2001 748 2054 lum
768 2001 876 2071 locuple·
906 2057 909 2064 ,

84 2078 199 2133 tissimus
212 2077 319 2148 quisque
331 2076 403 2131 miles
422 2075 507 2131 labore
520 2094 549 2131 ac
561 2077 659 2132 saevitia
673 2077 783 2148 fatigari,
796 2076 877 2132 donec

83 2154 242 2209 vacationem
254 2156 355 2207 emeret.
390 2151 444 2206 Ubi
455 2152 599 2222 sumptibus
611 2153 751 2208 exhaustus
763 2153 900 2208 socordia6

82 2231 188 2299 insuper
209 2229 363 2298 elanguerat,
383 2227 456 2297 inops
475 2245 522 2297 pro
540 2227 666 2299 locuplete
690 2234 716 2283 et
740 2229 807 2283 iners
830 2247 876 2299 pro

83 2312 191 2363 strenuo
208 2305 236 2360 in
252 2303 408 2373 manipulum
424 2302 538 2369 redibat3
563 2322 592 2358 ac
610 2323 699 2358 rursus
717 2304 781 2358 alius
799 2308 876 2375 atque

83 2385 157 2448 alius,
171 2383 258 2438 eadem
271 2384 385 2453 egestate
397 2399 427 2436 ac
443 2381 546 2436 licentia
561 2383 681 2452 corrupti,
695 2381 727 2436 ad
740 2381 876 2438 seditiones

83 2466 111 2518 et
124 2459 261 2516 discordias
273 2463 300 2512 et
312 2457 494 2512 adeutremum
503 2456 568 2512 bella
580 2458 663 2514 civilia
673 2457 789 2514 ruebant.
826 2460 900 2518 Sedu

83 2539 154 2594 Otho
166 2556 199 2592 ne
210 2537 281 2608 vulgi
292 2534 426 2606 largitione
443 2534 620 2590 centurionum
632 2535 729 2590 animos
741 2531 875 2604 averteret,

82 2616 173 2670 fiscum
188 2608 264 2669 inum
281 2611 426 2668 vacationes
443 2630 539 2667 annuas
557 2612 733 2668 exsoluturum
749 2614 874 2684 promisit,

83 2709 138 2746 rem
155 2689 222 2746 haud
242 2689 317 2744 dubie
331 2688 429 2754 utilem,
447 2692 474 2743 et
492 2688 597 2744 abonis
614 2693 704 2768 prpter
721 2689 876 2760 principibus

82 2768 255 2840 perpetuitate
267 2765 405 2837 disciplinae
416 2766 548 2821 firmatam.
584 2766 654 2820 Laco
666 2767 809 2837 praelectus,
821 2770 900 2822 tan-8

83 2863 160 2918 quarn
180 2844 208 2901 in
227 2843 336 2900 insulam
356 2845 528 2914 seponeretur,
553 2841 585 2897 ab
609 2847 721 2908 evocato,
746 2859 821 2912 quem
844 2840 877 2896 od
