2070 3204
72 371 92 410 Δ
111 369 131 410 D
149 369 192 420 ⁶⁹]
269 305 523 356 HISTORIARUM
540 304 561 355 Ι.
579 305 683 358 79-82.
839 309 873 356 48

74 438 125 492 qne
136 437 165 476 m
175 419 331 476 occasionem
344 417 493 490 praedurum,
503 417 604 488 suque,
617 419 648 472 ut
658 433 715 472 mos
726 417 775 482 est,
785 416 872 489 euius-

74 513 176 568 ounque
198 499 285 550 motus
308 496 369 551 novi
392 495 529 566 eupidum:
560 498 587 549 et
594 493 715 564 obsequia
737 493 870 549 meliorum

73 591 127 628 nox
136 572 283 628 abstulerat.
314 573 488 628 Resistentem
498 570 616 626 seditioni
624 570 755 626 tribunum
765 572 895 626 essese-5

74 651 111 705 ris
127 649 204 704 simos
224 649 402 704 centurionum
415 649 571 705 obtruncant
584 665 590 700 :
605 653 679 718 rapta
691 665 767 714 arma,
780 647 871 704 nudati

75 725 170 798 gladii:
197 725 339 782 insidentes
362 725 434 796 equis
458 727 548 780 urbem
572 741 602 780 so
620 723 748 780 Palatium
767 727 869 796 petunt.

75 803 139 859 Erat
158 802 256 857 Othoni
276 801 374 858 eelebre
391 802 535 857 eonvivium
551 799 703 872 primoribus
719 801 820 856 feminis
832 802 928 860 vi-al'

75 879 177 950 risque3
197 879 241 950 qni
256 877 356 949 trepidi,
375 877 530 932 fortuitusne
548 877 657 932 militum
668 877 740 932 furor
751 896 784 932 an
796 878 869 934 dolus

75 955 243 1026 imperatoris,
258 972 360 1010 manere
372 972 401 1008 aa
412 952 566 1024 deprehendi
575 971 609 1008 au
620 953 709 1024 lugere
721 957 748 1008 et
757 953 871 1026 dispergi

78 1031 244 1103 periculosius
265 1031 339 1096 foret,
360 1030 435 1086 modo
456 1029 624 1085 constantiam
645 1029 771 1096 simulare,
792 1030 869 1086 modo

75 1107 210 1164 formidine
222 1107 316 1177 detegi,
326 1107 402 1161 simul
409 1106 519 1160 Othonis
528 1105 629 1160 vultum
641 1105 743 1160 intueri.
779 1107 893 1177 thuess

75 1186 168 1250 evenit,
179 1184 306 1239 inclinatis
319 1183 352 1238 ad
363 1183 531 1254 suspioionem
547 1180 683 1246 mentibus,
696 1200 752 1246 oum
766 1182 868 1238 timeret

74 1261 154 1326 Otho,
174 1259 320 1316 timebatur.
358 1259 409 1314 Sed
426 1257 494 1312 haud
512 1275 586 1314 seous
604 1257 748 1312 discrimine
765 1262 891 1317 senatusa

75 1355 151 1409 quem
164 1353 210 1392 suo
226 1336 340 1400 territus,
354 1339 381 1390 et
398 1335 531 1406 prefectos
547 1333 661 1404 praetorii
673 1333 705 1387 sd
716 1334 871 1404 mitigandas
925 1376 933 1386 .

73 1413 185 1469 militum
201 1413 251 1468 iras
270 1413 357 1467 statim
373 1413 484 1479 miserat,
497 1413 524 1466 et
542 1410 612 1466 abire
629 1427 736 1480 propere
750 1428 869 1466 omnese

73 1489 191 1547 convivio
197 1490 282 1560 jussit.
319 1489 385 1543 'l'um
393 1487 554 1559 veropussim
563 1487 739 1558 magistratus,
748 1487 894 1558 projectius

72 1565 225 1636 insignibus,
234 1565 316 1620 vitata
324 1565 445 1634 uomitum
457 1568 484 1620 et
496 1581 627 1620 servorum
635 1563 786 1634 frequentia,
795 1582 868 1621 senes

73 1643 225 1713 femineoque
233 1661 278 1712 per
289 1642 407 1698 tenebras
416 1631 515 1697 diver'sa
522 1641 593 1696 urbis
601 1641 700 1703 itinera,
710 1641 761 1695 rari
770 1640 867 1708 domos,

73 1719 177 1790 plurimi
189 1719 326 1774 amicorum
338 1721 409 1774 tecta
423 1721 450 1773 et
466 1722 497 1773 ut
509 1718 601 1789 cuique
613 1717 768 1774 humillimus
780 1718 866 1784 eliens,

73 1796 185 1850 ineertas
207 1795 316 1850 latebras
340 1795 461 1867 petivere.
503 1795 618 1853 Militum
642 1795 754 1866 impetus
775 1813 808 1850 ne
830 1795 913 1856 fo82

73 1872 144 1927 ribus
165 1872 267 1944 quidem
285 1871 379 1926 Palatii
396 1872 529 1937 sobroitus,
550 1889 600 1943 quo
620 1871 704 1929 minus
724 1871 868 1928 convivium

71 1948 251 2020 irrumperent,
270 1947 370 2002 ostendi
388 1947 436 2003 sibi
453 1948 581 2003 Othonem
597 1948 797 2019 expostulantes,
810 1947 866 2002 vul-

72 2029 168 2080 nerato.
185 2024 255 2078 Julio
272 2023 393 2078 Martiale
410 2024 514 2082 tribuno
538 2029 565 2079 et
589 2025 696 2079 Vitellio
720 2023 865 2090 Saturnino,

72 2101 195 2169 praeleoto
210 2099 324 2169 legionis,
342 2098 403 2153 dum
420 2100 556 2156 ruentibus
570 2100 708 2155 obsistunt.
745 2100 890 2171 Undiquea

74 2192 145 2228 arma
173 2177 200 2228 et
225 2175 307 2241 minae,
335 2174 411 2228 modo
442 2175 470 2230 in
497 2175 659 2230 oenturiones
689 2175 865 2246 tribunosque,

72 2251 150 2306 modo
169 2250 197 2304 iu
216 2253 332 2304 senatum
352 2250 506 2315 universum,
528 2250 664 2321 lymphatis
685 2268 753 2306 oaeoo
773 2269 867 2321 pavore

72 2329 172 2394 animis,
189 2331 216 2384 et
230 2327 290 2398 quia
307 2328 433 2382 neminem
449 2346 529 2382 unum
541 2327 668 2382 destinare
679 2328 723 2384 ire
739 2332 865 2400 poterant,

71 2406 202 2462 lieentiam
225 2405 253 2460 in
274 2423 361 2460 omnes
382 2404 553 2474 poscentibus,
579 2405 658 2460 donee
677 2406 754 2474 Otho,
778 2409 867 2463 eontra

72 2482 152 2539 decus
163 2481 270 2553 imperii,
283 2485 341 2536 toro
349 2481 477 2547 insistens,
491 2482 607 2553 precibus
627 2484 653 2536 et
671 2482 780 2538 laorimis
799 2502 866 2556 aegre

72 2559 195 2625 oohibuit,
209 2558 389 2630 redieruntque
401 2557 428 2612 in
440 2563 524 2614 eastra
535 2559 609 2614 inviti
617 2577 699 2630 neque
708 2559 865 2618 innoeentes.

71 2637 182 2694 Postera
194 2635 235 2691 die
245 2636 317 2691 velut
329 2638 404 2706 eapte
422 2635 486 2690 urbe
505 2635 596 2692 clausu
609 2635 707 2702 domus,
726 2655 800 2692 rarus
820 2654 889 2708 pere

71 2715 129 2770 vias
144 2713 260 2785 populus,
278 2717 369 2768 moesta
384 2712 471 2783 plebs3
485 2713 584 2785 -dejeoti
599 2713 627 2768 in
642 2717 738 2768 terrum
755 2714 867 2770 militum

72 2791 169 2856 vultus,
179 2790 272 2861 soplus
283 2790 396 2846 tristitiae
408 2807 483 2860 quem
490 2790 651 2861 penitentie.
687 2790 890 2860 manipulatim

74 2867 180 2932 allocuti
191 2870 252 2924 eunt
263 2866 378 2923 Isioinius
390 2865 514 2922 Proculum
526 2870 552 2923 et
570 2865 670 2922 Plotius
687 2865 789 2920 Firmus
804 2881 875 2935 praa·
