2104 3022
185 137 232 183 elo
505 145 653 196 TACITUS

181 248 214 300 'et
231 246 383 316 faventibus,
396 254 427 306 ut
442 253 461 323 †
478 273 525 310 nee
540 257 604 313 bene
618 279 661 314 nec
675 263 738 315 mab
755 261 823 315 dieta
837 259 982 314 dissimula-

187 328 284 379 rentur.
322 327 397 382 Scitis
416 331 482 384 euim
497 351 614 404 magnam
629 336 698 390 illam
715 340 742 391 et
760 337 907 391 duraturam
925 337 980 391 elo·

186 401 296 468 quentia
312 403 404 458 famam
420 424 472 460 non
488 409 572 464 minus
589 411 617 465 in
632 412 737 468 dirersis
754 413 879 468 subselliis
893 413 982 482 parari

186 493 262 544 quarn
285 480 353 546 suis3
378 481 436 536 inde
458 485 614 554 quinimmo
638 489 795 544 constantius
816 508 921 560 surgere
942 489 982 544 ibi

162 550 282 606 tfidelius
295 557 457 612 corroborari.
493 563 580 633 Atque
595 563 697 620 hercule
715 565 762 620 sub
780 565 904 636 ejusmodi
916 583 981 635 prae·

184 629 329 696 ceptoribus
341 635 444 700 juvenis
460 635 502 691 illc
517 637 548 692 de
567 657 617 709 quc
634 641 767 711 loquimur,
779 645 909 696 oratorum
927 641 981 696 dis-

184 703 291 772 cipulus,
310 706 359 761 fori
377 709 485 778 auditor,
505 718 616 769 sectator
634 716 794 786 judiciorum,
813 717 929 772 eruditus
951 720 980 772 et

184 781 343 837 assuefactus
361 784 450 841 alienis
469 791 657 859 experimentis,
674 793 715 847 cui
733 793 845 864 quotidie
863 793 979 848 audienti

184 858 251 910 notae
263 856 339 928 leges,
352 879 403 915 non
415 865 476 918 novi
485 865 599 935 judicum
611 869 704 934 vultus,
718 869 836 940 frequens
853 869 880 923 in
897 869 979 924 oeulis

184 934 341 989 consuetudo
353 939 511 1006 concionum,
525 961 592 1012 saepc
604 945 712 1016 cognite
726 945 815 1016 populi
827 963 910 1010 aures,
924 945 978 1000 sive

184 1009 368 1066 accusationem
381 1021 530 1085 susceperat
547 1019 600 1074 sive
614 1020 792 1086 defensionem,
806 1021 875 1075 solus
889 1021 978 1074 statim

159 1087 210 1138 det
223 1104 287 1140 unus
300 1088 441 1161 cuicunque
456 1110 539 1148 causae
551 1113 596 1165 par
608 1099 670 1150 erat.
707 1096 881 1152 Noncdecimo
893 1097 977 1151 aetatis

183 1177 248 1216 anno
261 1165 289 1217 Il.
298 1163 407 1222 Crassus
421 1167 449 1222 C.
462 1169 607 1238 Carbonem,
618 1173 815 1228 unoetvicesimo
829 1172 913 1228 Cesar
925 1173 978 1227 Do·

182 1235 304 1303 labellum,
318 1240 397 1296 altero
410 1247 436 1297 et
453 1244 575 1301 vicesimo
587 1248 691 1303 Asinius
709 1248 790 1303 Pollio
803 1249 830 1302 C.
844 1248 975 1314 Catonem,

182 1330 234 1367 non
245 1315 353 1370 multum
365 1321 441 1374 aetate
461 1323 611 1378 antecedens
628 1325 721 1380 Calvus
734 1325 865 1379 Vatinium
877 1324 909 1378 iis
921 1342 977 1378 ora·

182 1387 294 1444 tionibus
311 1392 421 1449 insecuti
438 1401 507 1463 sunt,
528 1418 590 1470 quas
602 1401 676 1455 hodie
689 1417 788 1472 quoque
800 1419 858 1454 cum
870 1399 977 1454 admira·

136 1460 251 1519 35ticne
262 1465 377 1537 legimus.
414 1473 450 1526 At
467 1491 535 1528 nunc
553 1474 733 1531 adolescentuli
751 1476 832 1531 nostri
849 1475 976 1531 deducun-

181 1542 225 1592 tur
245 1541 273 1595 in
291 1561 391 1599 soene-m
413 1549 629 1616 scholasticorum,
649 1553 693 1623 qui
712 1553 827 1607 rhetores
845 1555 975 1620 vocantur,

182 1633 245 1685 qnos
257 1619 332 1686 paulo
350 1624 410 1674 ante
428 1623 557 1680 Ciceronis
575 1630 691 1697 tempora
708 1629 839 1683 exstitisse
855 1646 902 1683 neo
922 1629 975 1698 pla·

182 1691 265 1746 euisse
283 1695 422 1762 majoribus
443 1700 538 1754 nostris
556 1719 588 1756 ex
606 1721 637 1758 eo
660 1704 822 1759 manifestum
839 1708 887 1769 eet,
907 1704 975 1774 quod

183 1767 272 1822 Crasso
294 1773 320 1824 et
341 1770 456 1828 Domitio
479 1777 624 1834 censoribus
648 1779 756 1848 cludere,
776 1784 807 1835 ut
825 1780 860 1834 ait
880 1781 973 1846 Cicero,

158 1844 265 1898 Nudum
288 1847 444 1916 impudoratae
464 1852 532 1920 jussi
555 1858 638 1910 sunt·
672 1855 723 1911 Sed
746 1860 775 1911 ut
796 1855 879 1910 dicere
902 1856 975 1910 insti·

181 1923 287 1986 tucrum,
304 1923 467 1981 deducuntur
485 1928 512 1982 in
531 1931 636 1998 scholas,
650 1932 741 2003 quibus
760 1949 812 1988 uon
830 1932 903 1986 facile
920 1931 975 1986 dix-

181 1997 251 2064 erim,
270 2002 390 2056 utrumne
411 2003 481 2059 locus
507 2006 569 2077 ipse,
590 2026 623 2062 an
643 2009 815 2081 condiscipuli,
838 2027 871 2064 sn
894 2027 974 2080 genus

182 2073 325 2130 studiorum
346 2078 404 2148 plus
422 2081 483 2135 mali
504 2083 612 2154 ingeniis
633 2086 747 2141 efferant.
784 2087 852 2141 Nam
875 2086 903 2140 in
920 2086 974 2140 loco

181 2149 245 2204 nihil
256 2155 414 2218 reverentiae,
427 2157 472 2210 sed
484 2157 512 2211 in
523 2178 598 2229 quem
614 2179 689 2216 nemo
700 2162 749 2218 nisi
760 2181 831 2234 aeque
843 2161 974 2232 imperitus

159 2224 268 2284 aintrat.
299 2229 332 2282 In
343 2229 521 2302 condiscipnhs
533 2235 596 2290 nihil
608 2237 746 2308 profectus,
755 2256 813 2293 cum
825 2238 897 2309 pueri
908 2238 974 2292 inter

181 2319 274 2370 pueros
292 2308 319 2358 et
335 2305 516 2363 adolescentuli
533 2310 601 2366 inter
617 2313 816 2369 adolescentulos
832 2315 888 2385 pari
904 2332 975 2368 secu-

181 2376 258 2431 ritate
270 2382 297 2432 et
309 2379 394 2435 dicant
407 2386 433 2436 et
451 2384 594 2442 audiantur.
631 2389 698 2460 Ipsca
709 2409 770 2445 raro
782 2390 974 2445 exercitationes

181 2466 274 2519 magna
291 2471 323 2506 ex
341 2461 413 2524 parte
431 2463 571 2517 contrariae.
609 2465 710 2536 Nempe
728 2467 795 2520 enim
814 2467 864 2521 duo
882 2483 975 2536 genera

181 2525 344 2581 materiarum
356 2532 424 2598 apud
442 2535 557 2592 rhetoras
576 2542 726 2606 tractantur,
740 2543 861 2596 suasoriae
879 2546 905 2596 et
918 2559 974 2596 eon-

158 2600 320 2655 ttroversiae.
356 2605 397 2658 Ex
420 2609 461 2662 his
482 2615 603 2668 suasorie
627 2616 736 2685 quidem,
756 2621 878 2688 tanquam
901 2617 973 2687 plane

181 2673 288 2731 leviores
300 2680 327 2731 et
346 2679 428 2736 minus
446 2686 589 2752 prudentie
605 2692 745 2762 exigentes,
757 2695 842 2763 pueris
859 2693 975 2764 delegans
