2070 3204
181 173 216 223 64
515 171 637 222 raom

818 236 852 284 [a
862 235 888 275 u.
899 235 921 276 c.
931 236 977 277 aaa

159 287 256 343 escun
280 283 457 355 quatientium.
493 285 661 358 Lugiorum
687 283 782 356 pluteis
806 290 833 340 et
862 285 978 342 cratibus

154 424 158 430 ¹
181 366 265 417 tectus
282 361 382 416 submit
398 379 491 428 muros,
505 363 610 417 instruit
622 379 747 434 aggerem,
761 361 865 416 molitur
878 367 977 433 portas.

181 440 279 493 Contra
293 439 439 510 praetoriani
457 438 594 510 dispositos
612 438 645 493 ed
663 437 690 493 id
710 439 793 509 ipsum
811 438 919 493 molares
937 439 977 494 in·

158 516 252 585 egenti
263 515 370 586 pondere
383 533 412 570 ac
423 515 524 586 fragore
535 515 695 586 provolvunt.
732 515 796 569 Pars
809 514 976 570 subeuntium

180 591 281 659 obruti;
299 611 357 663 pars
367 593 458 648 confixi
467 597 493 647 et
505 611 645 664 exsangues
653 597 698 647 aut
705 591 787 657 laceri,
798 610 856 647 cum
868 596 976 663 augeret

181 674 292 740 stragem
304 669 447 740 trepidatio,
460 687 540 740 eoque
552 670 635 724 acrius
647 687 662 723 e
673 668 798 724 moenibus
812 668 975 724 vulneraren-

158 751 231 813 ttur,
243 745 340 801 rediere
352 745 461 800 infracta
471 747 580 816 partium
598 746 673 800 fama.
709 746 745 800 m
757 745 865 813 Caecina,
876 743 975 816 pudore

180 831 269 893 coeptae
281 826 376 876 temere
388 822 592 893 oppugnationis,
605 839 637 877 ne
649 822 738 876 irrism
748 839 777 876 ac
788 839 870 876 vanus
882 821 974 876 iisdem

180 899 269 955 castris
282 899 410 963 assideret,
423 899 530 969 trajecto
542 917 630 954 mersus
642 897 713 953 Pado
722 898 873 952 Cremonam
884 901 973 968 petere
1029 891 1032 984 l

158 973 296 1029 tintendit.
333 974 469 1030 'lindirlere
497 993 553 1030 sese
576 975 680 1030 abeunti
709 974 838 1028 Turullius
865 973 973 1030 Cerialis

179 1067 237 1105 cum
256 1051 425 1122 compluribus
444 1051 562 1118 classicis,
579 1055 606 1106 et
621 1051 706 1105 Julius
724 1051 894 1122 Bregauticus
912 1067 973 1106 cum

179 1129 266 1199 paucis
284 1128 461 1198 equitum,*hic
476 1128 612 1198 praelectus
629 1127 681 1194 alae,
694 1127 722 1182 in
736 1127 841 1182 Batavis
858 1127 971 1199 genitus,

179 1205 221 1260 ille
232 1205 400 1276 primipilaris,
416 1209 443 1259 et
457 1204 561 1259 Caecinae
579 1203 648 1258 haud
665 1204 770 1269 alienus,
781 1203 851 1274 quod
868 1203 973 1259 ordines

178 1282 206 1336 in
221 1282 356 1336 Germania
368 1280 482 1336 duxerat.

134 1369 172 1423 23
215 1357 348 1427 Spurinna,
355 1361 484 1428 comperto
496 1357 587 1412 itinere
599 1358 718 1423 hostium,
729 1357 859 1412 defensam
867 1357 973 1413 Placen·

179 1433 241 1488 tiam
264 1451 370 1504 quaeque
394 1439 451 1489 acta
473 1438 500 1489 et
525 1433 586 1506 quid
605 1431 706 1490 Cercina
724 1438 832 1506 pararet,
857 1434 973 1490 Annium
1029 1443 1030 1474 l

157 1509 279 1564 2Gallum
296 1527 342 1580 per
358 1510 443 1565 literas
458 1510 540 1566 docet.
577 1510 664 1565 Gallus
680 1511 805 1582 legionem
821 1511 927 1582 primam
943 1511 973 1568 in

178 1585 300 1640 auxilium
319 1585 454 1662 Placentiae
474 1587 591 1653 ducebat,
611 1587 707 1643 diffisus
730 1587 859 1658 paucitate
882 1587 971 1642 cohor·
1030 1637 1031 1652 ,

178 1663 251 1729 timu,
264 1681 296 1718 ne
310 1662 411 1734 longius
428 1663 553 1718 obsidium
570 1668 597 1719 et
613 1665 665 1719 vim
684 1665 826 1719 Germanici
842 1664 970 1720 exercitus
1030 1661 1031 1664 ’

156 1755 268 1810 sparum
279 1739 425 1794 tolerarent.
462 1739 515 1794 Ubi
526 1740 628 1810 pulsum
644 1741 770 1796 Caeoinam
784 1759 889 1813 pergere
907 1740 970 1795 Cre-

178 1833 279 1871 monam
296 1816 400 1888 accepit,
416 1833 484 1888 agre
502 1817 637 1872 co'e‘rcitam
654 1818 779 1886 legionem
797 1821 824 1872 et
840 1817 970 1889 pugnandi
1030 1845 1031 1848 ¹

179 1892 361 1964 ardoremque
373 1892 405 1947 ad
418 1892 567 1948 seditionem
580 1911 748 1965 progressam,
762 1893 878 1948 Bedriaci
890 1894 968 1950 sistit.

178 1971 251 2026 Inter
267 1971 395 2026 Veronam
411 1969 611 2040 Cremonamque
631 1970 696 2024 situs
714 1975 754 2024 eat
771 1970 851 2034 viciis,
869 1969 969 2025 duabus

175 2048 228 2120 jam
241 2048 363 2104 Romanis
375 2045 489 2102 cladibus
501 2050 577 2100 nouus
589 2045 774 2117 infaustaeque.

155 2140 172 2186 4
213 2125 308 2181 Iisdem
320 2124 409 2180 diebus
421 2142 437 2178 a
448 2123 548 2178 Marcio
560 2123 649 2177 Macro
662 2122 731 2178 haud
743 2122 832 2193 procul
843 2122 971 2178 Cremona

177 2205 454 2273 prosperepugnatum.
491 2200 610 2270 Namque
621 2203 753 2271 promptus
765 2199 841 2254 animi
854 2199 970 2256 Marcius

177 2282 335 2332 transvectos
347 2277 455 2332 navibus
467 2276 619 2348 gladiatores
631 2277 658 2331 in
669 2275 800 2331 adversam
812 2275 876 2330 Pedi
887 2276 970 2346 ripam
1028 2277 1030 2412 4

156 2357 282 2423 trepente
297 2353 394 2407 effudit.
430 2352 543 2407 Turbata
560 2352 596 2407 ibi
613 2351 808 2408 Vitellianorum
820 2351 920 2416 auxilia,
933 2358 970 2422 et,

178 2429 276 2484 ceteris
300 2428 451 2483 Cremonam
474 2427 640 2498 fugientibus,
662 2429 721 2484 caesi
745 2429 789 2500 qni
811 2429 969 2485 restiterant.

178 2504 229 2559 Sed
245 2521 376 2575 repressus
394 2504 548 2559 vincentium
565 2505 684 2576 impetus,
703 2523 736 2561 ne
755 2507 828 2562 noris
849 2503 970 2561 subsidiis

155 2580 271 2635 tflrmati
287 2579 375 2634 hostes
392 2580 521 2634 fortunam
540 2580 620 2650 prelii
640 2587 777 2638 mutarent.
815 2581 970 2652 Suspectum

177 2655 204 2711 iu
215 2655 367 2711 Othonianis
379 2655 436 2720 fuit,
450 2656 535 2710 omnia
545 2656 639 2712 ducum
650 2659 718 2714 lucta
734 2677 811 2729 prave
822 2658 970 2713 aestimanti·

176 2731 233 2789 bus.
269 2731 401 2798 Certatim,
414 2736 445 2786 ut
457 2732 563 2802 quisque
575 2734 658 2789 auimo
674 2735 790 2806 maura,
804 2753 898 2806 procax
914 2751 967 2800 ore,
