2070 3204
159 176 190 222 60
494 176 616 225 ΤΑΟΙΤΙ

793 239 829 289 [Δ.
837 240 867 282 U.
876 241 899 281 0.
907 242 952 284 ⁸2¹.

157 285 249 352 nando,
272 285 340 358 quod
360 283 508 342 facillimum
525 288 598 344 factu
614 291 663 354 est,
681 305 776 360 pravus
793 293 821 346 ct
839 289 951 358 callidus,

157 362 237 418 bonos
249 366 275 416 et
287 362 416 431 modestos
428 364 548 419 anteibat.

114 437 150 492 88
193 439 325 508 Sepositus
341 457 387 510 per
402 457 446 494 eos
467 440 521 496 dies
540 441 674 496 Cornelius
691 441 825 497 Dolabella
841 442 869 497 in
886 443 955 498 eolo·

156 515 225 570 niem
237 515 398 586 Aquinatem,
410 535 493 588 neque
505 521 576 574 arcte
587 518 710 584 custodia,
723 537 806 589 neque
826 519 953 574 obscura:

156 592 253 646 nullum
280 592 312 648 ob
338 593 440 659 crimen,
468 594 513 648 sed
538 598 642 650 vetusto
666 594 769 650 nomine
797 598 824 650 et
851 596 954 666 propin-

135 669 255 740 2quitate
275 669 361 724 Galbae
382 674 549 726 monstratus.
586 671 687 726 Multos
714 671 952 743 eMagistratibus,
1026 673 1027 688 ¹

156 765 273 818 magnam
291 746 460 802 consularium
476 751 583 818 partem,
601 747 678 815 Otho,
693 765 745 802 non
761 748 896 818 participes
908 753 954 804 aut

156 823 285 878 ministros
304 823 378 888 bello,
399 823 444 878 sed
464 825 585 879 comitum
606 823 698 894 specie,
725 842 812 879 secum
835 825 954 895 expedire

154 899 244 970 jubet:
273 899 376 971 inquis
400 905 426 956 et
444 901 475 955 L.
495 901 636 966 Vitellium,
661 898 749 956 eodem
774 919 824 971 quo
848 905 953 958 ceteros

133 975 294 1044 acultmnec
309 980 340 1031 ut
356 977 521 1048 Imperatoris
538 977 651 1042 fratrem,
665 995 713 1032 nec
727 980 758 1031 ut
771 977 862 1032 bostis.
898 977 954 1049 Igi-
1026 1043 1027 1048 Ἰ

155 1064 200 1114 tur
219 1066 289 1122 mota
308 1059 379 1116 urbis
399 1078 475 1116 cura:
497 1061 582 1116 nullus
602 1060 664 1115 ordo
684 1064 756 1116 metu
777 1065 821 1115 aut
841 1060 954 1131 periculo

154 1155 258 1194 vacuus.
294 1137 423 1193 Primores
436 1138 546 1192 Senatus
561 1141 637 1192 etate
649 1137 754 1193 invalidi
765 1143 792 1192 et
803 1137 879 1209 longe
890 1156 954 1208 pace

155 1215 271 1270 desides:
298 1215 384 1286 segnis
402 1219 429 1270 et
447 1215 527 1270 oblita
544 1215 667 1270 bellorum
685 1215 821 1281 nobilitas;
846 1215 953 1286 ignarus
991 1214 994 1219 ’
1026 1203 1027 1248 i

154 1293 251 1348 militiae
266 1293 369 1361 Eques:
389 1295 484 1363 quanto
499 1293 581 1364 magis
593 1291 721 1347 occultare
733 1295 760 1346 et
772 1290 863 1346 abdere
875 1309 955 1362 pavo-

132 1379 209 1424 4rem
232 1368 386 1432 nitebantur,
411 1369 572 1423 manifestius
596 1366 689 1440 paridi.
726 1367 784 1422 Nec
807 1367 912 1422 deerant
938 1387 954 1424 e
1026 1369 1027 1420 i

155 1444 289 1509 contrario,
303 1445 348 1514 qui
359 1443 497 1500 ambitione
514 1443 613 1510 stolida,
627 1444 764 1514 conspicua
781 1461 858 1509 arma,
871 1444 954 1516 insig-
1026 1485 1027 1496 ,

154 1537 200 1576 nes
212 1537 299 1590 equos,
313 1519 415 1590 quidam
427 1520 570 1576 luxmiosos
588 1524 725 1592 apparatus
738 1521 912 1576 conviviorum
924 1525 954 1577 et

154 1597 314 1652 irritamenta
332 1595 473 1662 libidinum,
486 1601 517 1652 ut
536 1597 707 1652 iustrumenta
725 1596 793 1662 belli,
811 1615 955 1652 mercaren-

131 1678 205 1736 5tur.
225 1672 388 1744 Sapientibus
401 1673 495 1743 quietis
508 1677 535 1728 et
546 1675 584 1730 rei
595 1674 704 1746 publicae
717 1692 794 1730 cura:
807 1673 954 1730 levissimus

153 1751 261 1822 quisque
273 1752 299 1804 et
311 1749 394 1804 futuri
410 1749 575 1819 improvidus,
593 1769 638 1821 spe
656 1769 722 1806 vana
739 1755 856 1805 tumens:
875 1750 955 1806 multi

152 1827 245 1882 afflicta
258 1826 307 1881 fide
325 1827 352 1882 in
371 1843 441 1897 pace,
463 1843 493 1882 ac
509 1827 620 1883 turbatis
639 1827 716 1884 rebus
735 1827 837 1894 alacres,
860 1829 887 1882 et
904 1845 955 1899 per

152 1905 250 1960 incerta
261 1902 393 1958 tutissimi.
500 1931 503 1936 ·

108 1982 144 2036 89
186 1980 238 2038 Sed
254 1979 355 2052 vulgas,
373 1982 400 2034 et
419 1979 596 2051 magnitudine
614 1980 693 2035 nimia
713 1981 886 2036 communium
905 1997 954 2035 cu·
1026 2029 1027 2032 ,

150 2079 236 2116 rarum
261 2077 351 2130 expers
375 2057 493 2129 populus,
521 2057 615 2112 sentire
639 2057 762 2128 paulatim
785 2057 846 2112 belli
875 2056 954 2121 mala,

150 2155 272 2194 conversa
291 2137 319 2191 in
334 2135 538 2190 militemusum
557 2133 626 2188 omni
641 2135 756 2205 pecunia,
776 2133 882 2189 intentis
907 2132 954 2189 cli·

150 2223 294 2268 mentorum
311 2213 418 2284 pretiis:
444 2230 500 2283 quae
524 2214 596 2265 motu
613 2209 729 2266 Vindicis
753 2211 822 2266 baud
845 2209 955 2281 perinde

150 2290 248 2359 plebem
261 2290 421 2353 attriverant,
432 2307 522 2344 secura
533 2291 591 2342 tum
600 2287 663 2343 urbe
674 2292 701 2342 et
714 2287 863 2359 provinciali
874 2285 954 2360 bello,

150 2363 219 2434 quod
241 2365 309 2418 inter
332 2365 447 2434 legiones
471 2363 616 2435 Galliasque
636 2365 708 2420 velut
732 2369 867 2420 externum
889 2363 953 2419 fuit.

127 2439 219 2499 2Nam
231 2458 263 2495 ex
279 2458 331 2510 quo
348 2438 423 2494 divus
435 2441 569 2510 Augustus
590 2459 630 2496 res
647 2441 778 2496 Caesarum
798 2439 954 2510 composuit,

150 2516 246 2587 procul,
268 2520 294 2571 et
306 2516 333 2570 in
357 2517 434 2570 unius
455 2516 642 2585 solicitudinem
666 2523 711 2573 aut
732 2518 817 2583 decus,
838 2517 954 2588 populus

152 2594 282 2648 Romanus
294 2592 439 2648 bellarerat.
477 2592 530 2646 Sub
542 2592 643 2648 'liberio
652 2599 678 2649 et
691 2594 754 2650 Caio
765 2597 865 2650 tantum
877 2593 954 2663 pacis

152 2670 259 2728 adversa
281 2672 319 2728 rei
343 2671 451 2743 publice
474 2671 637 2742 pertimuere.
677 2671 836 2728 Scriboniani
859 2674 956 2728 contra
1026 2683 1027 2688 ’
