2104 3022
292 163 341 212 DE
359 157 586 213 ORA'TORIBU'S
604 166 706 214 26-28.
848 161 900 211 ‘309

105 272 182 341 paulo
194 276 254 327 ante
266 275 361 342 dictati,
372 277 444 346 plane
456 277 542 331 mitior
553 278 580 330 et
592 276 742 346 eloquentiae
754 279 899 344 temporum

105 352 250 402 nostrorum
267 350 350 404 minus
368 351 457 417 iratus,
475 355 611 424 antequam
627 355 655 407 te
672 354 742 422 Aper
760 351 899 406 offenderet

107 427 215 494 majores
227 427 286 479 tuos
298 425 470 482 lacessendo.”

141 503 156 530 “
166 501 227 555 Non
238 503 320 566 sum,''
332 503 422 573 inquit,
437 503 570 559 “offensus
583 503 646 574 Apri
658 503 701 557 illa
712 503 923 574 disputatione38

106 593 164 629 narn
176 594 280 632 necros
293 578 387 634 offendi
399 579 506 645 decebit,
520 581 542 635 si
555 580 616 651 quid
631 579 697 635 forte
715 598 788 634 aures
800 583 898 634 vestras

106 653 271 724 perstringat,
289 671 346 708 oum
363 655 451 710 sciatis
467 657 533 711 hanc
545 675 601 712 esse
613 655 739 726 ejusmodi
754 673 897 711 sermonum

106 726 194 798 legem,
204 729 326 798 judicium
339 731 415 784 animi
427 732 491 786 citra
503 732 622 786 damnum
634 732 739 786 affectus
752 733 890 802 prolerre.”

135 805 262 875 “Perge”
270 805 351 876 inquit
364 807 510 862 Maternus:
530 811 608 862 “cum
617 807 648 861 de
658 809 768 878 antiquis
781 809 924 878 loquorist

105 882 178 934 utere
195 880 300 951 antiqua
315 882 440 949 libertate,
453 901 469 937 a
480 901 530 954 qua
541 884 582 938 vel
598 883 678 953 magis
691 883 899 954 degeneravimus

108 973 184 1025 quam
197 956 228 1010 ab
241 957 412 1027 eloquentia.'’

140 1032 205 1085 Tum
223 1033 341 1097 Messala,
356 1035 439 1088 “Non
456 1034 606 1099 reconditas,
620 1033 745 1100 Materne,
758 1051 847 1088 causas
858 1052 898 1088 re·
908 1037 947 1092 28

106 1107 193 1177 quiris,
206 1125 253 1162 neo
265 1116 309 1162 aut
321 1108 431 1182 tibiipsi
443 1114 488 1165 aut
500 1111 559 1165 huie
572 1109 687 1165 Secundo
700 1109 740 1165 vel
755 1109 815 1164 huie
827 1110 899 1178 Apro

105 1183 215 1253 ignotas,
237 1184 337 1240 etiamsi
358 1185 420 1239 mihi
441 1190 528 1255 partes
549 1186 683 1256 assignatis
706 1184 852 1255 proferendi
871 1185 900 1240 in

105 1258 216 1313 medium
234 1278 290 1330 quae
308 1277 394 1315 omnes
413 1262 544 1316 sentimus.
581 1261 647 1320 Quis
667 1261 734 1315 enim
752 1260 853 1334 ignorat
872 1264 923 1315 et2

106 1334 275 1405 eloquentiam
295 1338 322 1390 et
341 1339 445 1391 caeteras
464 1341 531 1392 artes
550 1336 685 1392 descivisse
703 1336 735 1391 ab
752 1336 795 1390 illa
812 1341 899 1392 vetere

106 1410 193 1481 gloria,
211 1429 264 1465 non
280 1411 367 1482 inopia
385 1412 521 1478 hominum,
540 1413 585 1468 sed
603 1412 700 1468 desidia
711 1413 856 1482 juventutis
872 1416 899 1468 et

105 1487 262 1558 negligentia
284 1491 417 1559 parentum
442 1492 469 1544 et
491 1489 626 1545 inscientia
648 1489 849 1561 praecipientium
872 1492 899 1544 et

106 1563 231 1620 oblivione
252 1564 329 1620 moris
352 1565 469 1636 antiqu
490 1565 555 1626 Quae
572 1565 645 1631 mala,
664 1566 775 1636 primum
792 1566 820 1620 in
836 1565 900 1620 urbe

105 1643 174 1705 nata,
191 1659 252 1696 mox
268 1659 314 1712 per
328 1641 431 1696 Italiam
448 1642 512 1710 fusa,
523 1643 576 1714 jam
592 1643 620 1698 in
635 1643 776 1713 provincias
788 1645 900 1696 manant.

106 1716 259 1786 Quanquam
277 1720 363 1772 vestra
385 1717 457 1773 vobis
481 1719 580 1774 notiora
604 1722 672 1774 sunt.
708 1718 765 1790 Ego
785 1718 817 1774 de
837 1717 925 1772 urbes

105 1793 132 1844 et
151 1791 191 1844 his
210 1793 319 1862 propriis
340 1812 370 1848 ao
390 1795 531 1849 vernaculis
550 1795 619 1850 vitiis
637 1795 733 1864 loquar,
753 1813 808 1864 quae
826 1797 899 1847 natos

106 1866 192 1920 statim
211 1868 341 1938 excipiunt
360 1872 386 1922 et
403 1887 449 1940 per
467 1871 579 1940 singulos
597 1869 680 1924 aetatis
698 1870 791 1939 gradm
812 1886 899 1922 cumu-

105 1942 197 2006 lantur,
219 1943 241 1996 si
262 1943 332 2012 prius
356 1943 389 1998 de
412 1945 548 1998 severitate
571 1961 600 1998 ac
621 1943 753 2014 disciplina
774 1943 900 2012 majorum

105 2017 173 2072 cirea
188 2017 332 2072 educandos
344 2018 540 2088 formandosque
555 2018 646 2073 liberos
658 2036 739 2088 pauca
750 2017 898 2088 praedixero.

4 2159 5 2172 ἵ
105 2094 164 2148 Jam
175 2094 285 2165 primum
297 2112 359 2149 suus
372 2095 464 2165 cuique
482 2095 555 2162 filius,
568 2113 600 2149 ex
611 2097 682 2149 casta
695 2097 798 2164 parente
814 2097 925 2160 natural·

105 2188 157 2224 non
168 2170 195 2224 in
207 2169 269 2224 cella
280 2174 372 2240 emptae
389 2170 503 2236 nutricis,
517 2169 562 2225 sed
578 2170 674 2242 gremio
690 2187 719 2224 ac
737 2170 795 2224 sinu
811 2171 899 2225 matris

105 2245 267 2311 educabatur,
286 2249 361 2315 cujus
380 2246 505 2318 praecipua
521 2247 576 2302 laus
594 2249 649 2301 erat
666 2245 735 2301 tueri
752 2245 855 2300 domum
872 2249 899 2302 et

105 2322 227 2379 inservire
242 2321 336 2376 liberis.
372 2321 522 2392 Eligebatur
538 2326 623 2377 autem
639 2325 719 2391 major
735 2321 820 2392 aliqua
836 2325 923 2382 natus

105 2398 253 2468 propinqua,
273 2397 347 2468 cujus
365 2397 480 2468 probatis
498 2397 668 2469 spectatisque
685 2397 799 2454 moribus
817 2398 900 2454 omnis

105 2473 219 2543 ejusdem
242 2474 343 2529 familiae
368 2474 470 2529 suboles
494 2475 710 2542 committeretur3
742 2492 826 2530 coram
851 2493 901 2546 qua

104 2567 187 2620 neque
208 2549 291 2605 dicere
309 2550 348 2606 las
367 2554 422 2606 erat
440 2551 509 2621 quod
525 2555 602 2622 turpe
620 2550 698 2617 dictu,
717 2570 800 2622 neque
817 2551 901 2606 lacere

105 2625 174 2695 quod
185 2625 348 2681 inhonestum
359 2628 431 2682 factu
443 2626 579 2682 rideretur.
615 2629 655 2682 Ae
665 2645 718 2682 non
730 2626 815 2682 studia
826 2626 925 2683 modod
940 2683 944 2694 ,
1047 2619 1048 2632 ¹

105 2713 237 2772 curasque,
262 2701 307 2758 sed
330 2703 491 2760 mrnissiones
519 2704 596 2760 etiam
618 2704 740 2774 lususque
764 2719 900 2774 puerorum
