2104 3022
161 143 208 189 80⁰
480 141 631 190 nncrws

128 251 154 304 ,8
198 251 288 306 “Horo
304 250 362 306 ideo
380 251 495 322 predixi,
511 255 542 306 ut
561 252 591 320 si,
608 269 659 323 que
675 269 707 305 ex
722 249 812 304 horum
826 252 959 304 oratorum

162 328 229 382 famu
245 327 374 399 gloriaque
390 328 444 382 lsus
460 328 618 398 temporibus
634 327 780 398 aequiritur,
792 325 897 380 eundem
912 325 960 380 do·

162 422 246 459 oerem
261 403 288 458 iu
299 404 383 458 medio
399 404 473 458 situm
490 408 517 458 et
530 403 672 474 propiorem
689 403 762 458 nobis
779 420 854 472 quum
870 401 960 456 Seruio

143 479 249 556 ,Gubae
261 483 306 533 eut
323 480 383 534 Ouio
399 479 510 534 Carboni
526 497 639 550 quosque
655 479 717 534 ulios
732 478 824 532 merito
840 478 960 547 antiquos

163 556 342 610 vocaverimus.
380 555 445 610 Sunt
458 556 525 610 onim
537 555 633 610 horridi
644 560 670 610 et
681 554 790 626 impoliti
805 557 832 608 ot
843 553 920 608 rudes
932 556 960 608 et

163 631 290 696 informes,
312 633 339 684 et
360 649 424 700 quos
447 631 545 686 utinum
566 631 635 686 nullu
657 635 730 702 purte
750 630 866 685 imitatos
889 636 960 684 esset

141 706 258 772 20alrus
271 709 355 760 vester
367 710 412 760 aut
429 707 520 761 Oaelius
532 711 577 762 sut
590 707 645 777 ipse
662 707 757 764 Oioem.
791 707 876 776 Agere
892 705 961 760 euim

164 783 256 836 fortius
271 781 324 852 jem
341 785 368 836 et
385 782 520 838 audentius
536 783 601 849 volo,
619 783 642 838 si
656 781 720 837 iilud
736 785 795 836 nuto
811 781 959 852 predixero,

164 857 257 912 mutari
275 876 334 912 oum
353 859 509 929 temporibus
530 859 623 914 formos
643 875 742 930 quoque
761 862 788 912 et
808 875 902 928 genero
920 857 962 910 di-

165 934 245 990 oendi.
283 935 325 989 Sio
337 935 430 989 Ostoni
442 935 496 990 seni
507 939 668 1006 eomparatus
680 934 710 988 O.
723 933 852 988 Gruoehus
863 933 962 1004 plenior

165 1018 191 1067 et
209 1011 328 1076 uberior3
353 1011 390 1066 sio
408 1011 522 1067 Graooho
539 1011 642 1082 politior
659 1014 686 1066 et
703 1011 817 1064 ornatior
835 1009 961 1076 Crassum

165 1089 202 1143 sio
221 1092 330 1159 utroque
354 1087 497 1142 distinctior
521 1093 547 1142 et
570 1087 692 1142 urbanior
714 1089 741 1142 et
764 1085 839 1140 altior
862 1086 960 1151 Oioero,

165 1165 288 1219 Cioeroue
301 1164 387 1218 mitior
403 1164 530 1219 Corvinus
542 1167 568 1219 et
585 1163 682 1218 dnloior
696 1166 724 1218 et
739 1162 767 1218 in
778 1161 861 1217 verbis
879 1162 961 1233 magis

142 1240 318 1297 teleborutos.
348 1240 405 1296 Neo
417 1258 509 1312 quero,
519 1241 576 1311 quis
585 1239 779 1295 diserdssimus:
796 1237 846 1294 hoo
857 1239 961 1294 interim

165 1317 285 1387 probdsse
308 1321 444 1372 oontentms
467 1335 532 1382 sum,
554 1335 606 1371 nou
629 1333 685 1372 esse
706 1333 787 1369 unum
810 1315 963 1385 eloquentius

165 1393 271 1459 vultum,
285 1393 330 1448 sed
341 1393 369 1448 in
384 1393 434 1449 illis
446 1411 546 1464 quoque
558 1411 621 1464 quos
637 1391 734 1447 roratis
745 1390 863 1462 antiquos
875 1391 961 1462 plures

166 1469 263 1538 speeies
279 1468 432 1539 deprehendi
440 1491 447 1535 ;
473 1487 520 1524 neo
536 1469 624 1523 statim
639 1467 751 1522 deterius
767 1484 830 1532 esse,
843 1466 911 1537 quod
922 1467 962 1522 di.

166 1561 267 1597 versum
286 1549 342 1609 est3
370 1544 432 1598 vitio
452 1550 537 1600 sutem
556 1543 722 1614 modignitntis
742 1543 962 1598 inminentem

141 1625 264 1688 tsompor
275 1619 302 1672 in
313 1618 394 1684 leude,
408 1620 542 1688 praesentiu
553 1620 580 1673 in
591 1619 694 1674 fastidio
707 1637 770 1674 esse.
806 1619 877 1674 Num
888 1617 961 1672 dubi·

165 1699 249 1748 tamus
266 1693 391 1758 inventos,
405 1695 449 1764 qni
460 1713 512 1764 pru
527 1695 625 1750 Getone
636 1695 749 1766 Appium
763 1695 864 1750 Oseoum
879 1694 963 1764 magis

166 1769 337 1824 mirarentur?
364 1769 432 1824 Satis
449 1773 550 1825 oonstot
565 1789 598 1826 ne
614 1770 731 1826 Cioeroni
745 1770 848 1841 quidem
862 1769 962 1826 obtreo·

165 1850 263 1901 totores
284 1845 403 1911 defuisse
426 1845 518 1917 quibus
538 1847 642 1902 inflatus
662 1850 689 1902 et
708 1849 811 1902 tumens
830 1863 878 1902 neo
898 1845 962 1902 sutis

166 1941 276 1994 pressus,
295 1922 340 1978 sed
357 1940 435 1992 supra
450 1923 552 1979 modum
568 1923 699 1978 exsultans
715 1925 743 1978 et
760 1923 918 1993 superfluens
934 1925 962 1977 et

142 2007 256 2068 operum
272 1999 375 2054 Atticus
392 1999 529 2056 videretur.
564 2000 677 2071 Legistis
692 1999 786 2070 ntique
805 2003 832 2053 et
849 1999 920 2054 Oelvi
934 2002 962 2053 et

166 2075 244 2130 Bruti
261 2075 294 2129 ed
312 2075 460 2130 Oioeronem
475 2075 565 2130 missas
583 2075 711 2146 epistolas,
727 2093 761 2129 ex
777 2075 869 2146 quibus
887 2073 962 2130 fenile

167 2155 207 2205 est
225 2151 419 2222 deprehendere,
437 2151 545 2206 Calvum
562 2151 664 2222 quidem
681 2151 800 2206 Cioeroni
817 2151 900 2205 visum
917 2168 962 2204 ex·

167 2244 289 2297 sanguem
308 2231 335 2282 et
355 2226 481 2294 attritum,
502 2227 613 2282 Brutum
638 2231 725 2282 eutem
750 2227 862 2282 otiosum
885 2229 962 2295 atquo

166 2302 326 2371 dijunetum3
346 2321 486 2372 rursusque
498 2303 645 2358 Ciceronem
662 2303 768 2358 sOolvo
785 2302 886 2373 quidem
897 2300 962 2357 maio

167 2378 269 2432 undose
283 2383 405 2448 tunquam
422 2379 534 2432 solutum
549 2383 577 2434 et
595 2397 720 2444 enervem,
738 2397 754 2434 u
769 2379 853 2434 Bruto
869 2383 962 2442 sutem.

167 2456 197 2504 ut
217 2452 298 2520 ipsius
319 2455 402 2508 verbis
422 2457 488 2518 utar,
505 2458 635 2524 tamquam
651 2458 766 2526 fractum
786 2460 863 2526 utqroe
884 2454 962 2510 etum·

144 2529 226 2579 obem.
265 2526 292 2579 Si
317 2545 358 2580 me
382 2529 531 2598 interroges,
551 2548 638 2585 omnes
656 2530 718 2584 mihi
736 2530 855 2586 videntur
873 2547 962 2586 verum

167 2599 280 2686 (finisse.
309 2600 359 2654 sed
370 2619 429 2686 mox
446 2603 477 2656 od
489 2605 604 2675 singulos
618 2606 731 2662 venium:
750 2624 818 2662 nuno
830 2607 892 2663 milri
904 2622 962 2663 oum

169 2692 295 2730 mnversu
307 2680 440 2744 negotmm
452 2682 500 2733 est.
