2086 3026
308 120 505 171 GERMANIA
531 122 605 170 2-6.
809 125 856 172 23³

70 229 128 301 Ipse
139 245 226 286 sorum
240 232 400 302 opinionibus
416 232 515 299 aooedo,
526 232 574 305 qui
587 230 729 287 Germania
745 231 890 302 populos,4

69 306 142 362 nullis
161 307 216 362 aliis
235 308 340 364 aliarum
360 310 492 364 nationum
512 308 645 364 connubiis
664 307 781 373 infestos,
803 327 862 379 pro-

69 384 147 454 priam
161 387 187 439 et
203 386 334 451 sinpernus,
348 389 375 441 et
390 389 491 442 tantum
509 387 550 441 sui
566 385 681 452 similem,
697 387 801 456 gentem
817 403 861 440 ex-

69 460 164 515 stitisse
182 460 345 517 arbitrantur.
380 463 457 518 Unde
474 462 577 518 habitus
596 479 697 532 quoque
715 478 859 532 eorporum,

69 554 209 608 quanquam
224 537 252 591 in
270 541 344 593 tanto
362 538 492 594 hominum
508 555 623 603 numero,
641 537 724 592 idem:
743 537 860 592 omnibus

67 615 151 667 truees
167 617 194 668 et
205 613 306 668 oaerulei
317 614 390 680 osuii,
403 615 487 670 ratiis
503 633 591 680 oomae,
603 631 696 684 magna
710 631 817 684 eorpora
832 616 859 668 et

67 691 166 744 tantum
190 688 222 744 ad
244 690 369 761 impeturn
392 691 483 746 valida
518 690 628 745 Laboris
652 693 730 760 atque
753 699 881 762 operumt

67 782 118 819 non
129 764 215 820 eadem
230 766 367 836 patientia;
386 767 539 836 minimeque
554 767 624 820 sitim
638 769 780 836 astumque
794 766 859 822 tole-

67 859 129 906 rare,
153 842 249 912 frigora
267 847 344 914 atque
364 843 472 897 inedium
497 841 557 896 eaelo
579 841 665 896 solove
684 846 857 897 assueverunt.

67 917 150 984 Tema,
163 919 212 973 atsi
224 919 352 988 aliquanto
364 919 449 988 speeie
460 917 556 981 differt,
568 917 595 971 in
612 917 760 972 universum
772 921 884 972 tamen5

67 997 111 1048 aut
128 994 198 1048 silvis
215 994 318 1048 horrida
334 997 380 1047 aut
400 993 535 1063 paludibus
553 992 628 1057 foeda,
650 992 785 1057 humidior,
810 1011 860 1063 qua

67 1069 168 1134 Gallias,
181 1070 318 1134 ventosior,
331 1086 382 1138 qua
397 1069 521 1123 Norieum
538 1085 568 1122 oe
583 1068 740 1122 Pannoniam
752 1068 858 1137 aspicit,

66 1145 129 1199 satis
145 1145 224 1208 ferax,
243 1144 423 1214 frugiferarum
439 1143 558 1198 arborum
575 1143 721 1212 impatiens,
738 1159 859 1212 pecorum

65 1219 183 1284 ieoundn,
202 1219 246 1274 sed
258 1219 406 1290 pleramque
417 1219 566 1288 inprocera
602 1219 646 1273 Ne
663 1218 785 1272 armentis
804 1219 883 1288 qui-a

67 1293 125 1349 dem
137 1312 199 1348 suus
214 1296 295 1348 honor
310 1298 355 1349 aut
372 1295 453 1366 gloria
467 1295 569 1349 frontis.
604 1294 721 1348 Numero
737 1293 858 1365 gaudent,

65 1387 153 1441 easque
164 1370 224 1425 sols
236 1373 263 1426 et
274 1371 424 1442 gratissimus
439 1389 500 1442 opes
512 1373 581 1424 sunt.
619 1371 764 1441 Argentum
776 1373 803 1424 et
816 1381 881 1426 aru-8

64 1465 122 1502 rum
143 1447 282 1517 propitiine
303 1465 336 1502 aa
354 1448 413 1502 irati
432 1447 467 1502 dii
487 1447 647 1518 negaverint,
668 1446 764 1502 dubito.
802 1446 859 1502 Neo

64 1526 151 1578 tamen
166 1523 339 1580 affirmaverim
356 1523 451 1578 nullam
466 1523 607 1579 Germanias
622 1541 712 1579 renam
724 1527 859 1594 argentum

64 1617 186 1654 aurumve
197 1601 316 1672 gignere:
330 1600 386 1672 quis
398 1601 466 1656 enim
478 1603 608 1655 scrutatus
620 1601 680 1656 esti
698 1600 858 1670 possessione

64 1679 91 1730 et
103 1694 154 1731 usu
165 1677 233 1731 haud
245 1676 350 1747 perinde
364 1677 516 1732 affieiuutur.
553 1678 602 1734 Est
616 1677 705 1734 videre
720 1675 789 1748 apud
802 1677 882 1735 illoss

64 1755 186 1823 argentea
193 1771 262 1819 rasa,
272 1754 363 1826 legatie
375 1759 402 1809 et
414 1755 572 1825 principibus
581 1773 669 1810 eorum
683 1754 782 1809 muneri
789 1753 857 1820 dats,

63 1845 116 1882 non
133 1828 160 1883 in
178 1829 228 1884 alia
244 1830 342 1884 vilitate
360 1848 436 1900 quam
454 1849 511 1900 quae
528 1832 607 1885 humo
624 1831 765 1900 finguntur,
779 1847 857 1899 qnan-

63 1921 141 1974 quam
152 1905 269 1974 proximi,
278 1907 311 1960 ob
322 1923 398 1960 usum
405 1907 620 1970 oommeroiorum,
629 1923 719 1959 aurum
726 1908 753 1958 et
766 1921 858 1974 argen-

61 1983 120 2034 tum
137 1980 165 2035 in
185 1981 269 2050 pretio
283 1981 385 2048 habent,
404 1981 548 2051 formasque
565 1980 686 2051 quaedam
703 1981 799 2034 nostres
814 1997 859 2047 pe-

62 2055 146 2112 ouuiae
162 2060 307 2127 agnoscunt
325 2061 401 2127 atque
419 2056 536 2128 eligunt:
558 2055 692 2110 interiores
717 2053 857 2123 simplicius

61 2135 89 2187 et
101 2133 232 2203 antiquius
241 2134 430 2204 permutatione
437 2132 558 2188 mersium
565 2135 684 2186 utuntur.
718 2129 882 2185 Pecuniame

8 2255 9 2266 ,
60 2209 176 2279 probant
199 2214 312 2265 veterem
335 2213 362 2265 et
386 2209 431 2264 diu
453 2213 549 2274 uotam,
568 2211 680 2263 serratos
698 2207 857 2277 bigatosque.

59 2285 208 2356 Argentum
221 2303 321 2357 quoque
333 2286 414 2357 magis
427 2303 503 2356 quam
520 2303 610 2340 aurum
625 2287 774 2355 sequnntur,
786 2283 858 2339 nulia

61 2362 199 2417 affeetione
211 2362 295 2427 animi,
305 2362 351 2418 sed
363 2363 423 2432 quia
434 2379 556 2417 numerus
568 2365 748 2432 argenteorum
759 2361 854 2416 facilior

8 2455 9 2470 ¹
59 2437 122 2494 usui
141 2441 182 2493 eet
198 2438 344 2508 promiscua
359 2455 389 2493 so
406 2438 467 2493 viiia
483 2437 663 2492 mercantibus.
700 2437 743 2492 Ne
760 2437 882 2496 ferrumti

60 2513 167 2583 quidem
185 2517 311 2583 superest,
328 2514 395 2568 siout
418 2531 451 2568 ex
468 2531 562 2584 genere
585 2513 695 2569 telorum
719 2513 855 2585 oolligitur.

60 2589 128 2644 Rari
146 2589 237 2661 gladiis
261 2592 306 2644 aut
323 2589 462 2659 maioribus
479 2589 573 2646 lanceis
593 2587 714 2652 ittuntur.
750 2590 857 2655 Hostes,

58 2665 102 2722 vel
113 2665 229 2737 ipsorum
241 2664 366 2722 vocabulo
377 2664 494 2736 irenaeus,
505 2669 608 2740 gerunt,
622 2669 733 2738 anguto
745 2669 772 2720 et
784 2665 857 2725 breui
