2086 3026
84 197 103 234 A
121 195 141 234 D
157 193 197 242 w]
254 131 506 182 HISTORIARUM
525 132 568 180 lV.
589 134 692 181 ast-42.
832 135 878 185 las

82 244 197 310 turbant,
217 247 338 316 tanquam
356 244 455 302 Neroni
474 243 618 300 Souibordoe
633 242 727 298 iratas
746 242 880 300 oenooadis

83 320 223 391 opibusque
249 321 361 391 insignes
386 320 419 376 sd
442 321 550 376 exitium
573 319 773 376 monstravisset.
809 320 902 378 afri-a

82 413 161 451 oenus
176 415 258 468 neque
275 398 348 454 lateri
365 397 474 452 audebat
490 415 572 468 neque
588 395 699 452 munere
714 398 832 466 potesate
850 397 879 455 ia

83 471 189 528 Vibium
209 473 335 544 Crispum,
358 474 430 545 eujus
451 472 692 544 interrogationibus
712 472 876 545 temtatur,

82 547 152 603 ultro
176 565 322 616 conversus,
349 549 477 606 miscendo
504 568 561 622 qno
585 548 721 606 edendus
746 549 876 621 nequibat,

82 625 205 682 societate
216 627 296 698 eulpa
308 626 428 682 invidiam
439 626 582 682 declinavit.

117 702 239 772 Magnam
251 721 282 758 eo
293 703 334 758 die
346 704 449 774 pietatis
460 703 660 776 eloquentieque
669 701 762 760 musam
774 703 876 775 Vipste
884 703 923 756 42

81 795 131 832 nus
155 779 268 834 Messala
293 778 401 850 adeptus
426 782 474 844 est,
501 778 613 834 noudum
639 779 767 842 senatoria
792 783 876 848 mia

81 871 160 908 susus
175 873 222 924 pro
239 855 318 910 fretra
335 855 439 925 Aquilio
456 854 557 924 Regulo
575 854 711 924 deprecari.
747 855 877 926 Regulum

81 930 205 984 subversa
216 931 364 986 Crassorum
380 934 407 986 et
419 929 496 984 Orfiti
507 929 597 984 domm
608 929 636 984 iu
650 948 776 987 summum
790 931 877 989 odium

82 1006 216 1060 extulerat.
253 1007 349 1076 Sponte
360 1006 404 1076 [ex
417 1005 479 1074 so]
496 1006 683 1060 seousationem
697 1005 796 1063 subisse
805 1007 900 1078 juve-2

82 1081 124 1136 nis
138 1081 280 1146 admodum,
295 1099 343 1138 nee
360 1080 501 1152 depellendi
516 1080 629 1152 periodi
645 1081 691 1136 sed
705 1082 733 1136 in
747 1099 818 1152 spem
833 1099 878 1152 po-

81 1155 171 1212 tentiue
183 1156 323 1213 videbatur.
359 1157 394 1212 nt
408 1157 518 1228 Sulpiois
529 1157 693 1224 Praetextata,
705 1157 793 1212 Grussi
804 1159 877 1224 unos,

83 1237 244 1304 quatuorque
259 1233 339 1299 liberi,
357 1233 379 1288 si
398 1235 563 1305 eognoseeret
583 1233 700 1298 Senatus,
715 1233 812 1292 ultores
834 1232 879 1288 ud-

82 1313 164 1366 erant.
200 1311 287 1382 igitur
302 1310 415 1366 Messala
429 1327 480 1366 non
498 1327 608 1379 oausam
619 1327 702 1380 neque
719 1327 792 1366 reum
803 1311 902 1380 tuerit

80 1386 128 1442 sed
142 1385 261 1457 perieulis
275 1387 362 1442 fratris
377 1389 457 1442 semet
471 1403 609 1457 opponens.
624 1387 732 1442 texeat
747 1385 877 1457 quosdam.

80 1463 201 1520 Ooourrit
221 1463 288 1520 truei
308 1463 422 1520 oratione
443 1462 549 1518 Curtius
572 1463 720 1529 Montanus,
742 1480 773 1518 eo
796 1481 878 1534 usque

79 1557 238 1611 progressus,
255 1543 294 1606 ut.
313 1543 372 1612 post
389 1539 484 1596 eadem
502 1539 596 1606 Galbe,
615 1539 702 1597 datam
719 1539 878 1596 interfeotori

81 1615 184 1674 Pisonis
201 1618 335 1688 paeoniam
358 1617 500 1688 aRegnlo,
520 1617 712 1688 appetitumque
731 1635 819 1672 morsu
835 1617 878 1672 Pi-

81 1693 150 1751 some
168 1696 253 1764 eaput,
270 1693 417 1766 objeotaret.
455 1693 540 1748 “Hoo
559 1694 655 1759 uerte,”
671 1693 763 1764 iuquit,
780 1692 903 1750 “Nema

80 1787 133 1824 nou
151 1771 246 1840 seligit,
265 1789 312 1826 nee
331 1769 492 1841 dignitatem,
513 1772 558 1824 aut
577 1769 694 1835 sulutem,
713 1769 758 1825 ille
780 1769 879 1826 seritis

80 1844 220 1900 redemisti.
256 1845 322 1902 Sane
346 1846 483 1902 toleremus
508 1845 617 1900 istorum
642 1845 807 1912 defensiones,
833 1843 878 1917 qui

81 1919 187 1990 perdere
211 1920 281 1986 alios,
308 1939 382 1992 quam
408 1920 546 1992 periclitari
569 1921 627 1991 ipsi,
651 1921 805 1979 meluerunt.
841 1922 878 1978 'la

82 2013 201 2050 securum
219 1996 356 2066 reliquerat
374 1997 447 2052 exsul
465 1999 544 2067 pater,
563 2003 591 2052 et
612 1995 692 2052 divisa
710 1997 779 2053 inter
798 1997 878 2052 oredi-

81 2074 152 2129 tores
169 2071 243 2138 bona,
262 2072 375 2128 nondum
392 2073 516 2128 honorum
536 2089 616 2142 ospax
633 2077 710 2128 setas:
729 2072 793 2128 nihil
809 2073 877 2143 quod

81 2165 115 2204 ex
126 2151 155 2204 te
165 2149 354 2221 consupisoeret
367 2149 445 2214 Nero,
458 2148 522 2204 nihil
533 2147 601 2218 quod
613 2148 723 2204 timeret.
759 2149 900 2206 Libidineo

81 2224 878 2374 fflilffilliiiffiulidfflllldidil

82 2377 148 2433 Cum
163 2395 195 2434 ex
209 2377 298 2436 funem
314 2379 471 2451 Reipublieee
487 2379 567 2450 raptis
583 2378 764 2438 Compluribus
781 2379 875 2452 spoliis,

82 2456 228 2527 septuagies
242 2457 361 2514 sestertio
375 2457 507 2529 mginstus
519 2459 546 2512 et
557 2455 700 2514 sseerdotio
713 2457 821 2530 fulgens,
836 2457 876 2512 in·

80 2533 171 2588 noxios
182 2551 282 2604 pueros,
295 2533 407 2590 illustres
419 2551 500 2601 senes,
509 2534 659 2605 eouspieuas
670 2534 776 2592 lominus
789 2533 877 2590 endem

81 2609 155 2664 rums
171 2613 360 2681 prosternerem
378 2626 436 2668 oum
457 2611 593 2683 segnitiam
610 2611 722 2668 Neronis
739 2612 877 2678 mouserot,

82 2685 150 2757 quod
165 2705 210 2757 per
226 2687 339 2760 singulus
355 2687 442 2748 domm
459 2707 538 2762 seque
553 2691 581 2748 et
597 2688 723 2749 Mores
740 2687 877 2758 fatigem:
