2070 3204
65 428 84 466 A
99 427 118 466 D
136 425 178 474 ⁶9]
232 363 487 411 HISTORIARUM
507 365 525 412 1.
545 366 649 413 35-38.
823 365 858 412 21-

65 495 135 530 mum
160 474 237 540 subit,
262 475 380 544 quotiens
404 475 523 530 recordor
546 475 650 529 feralem
673 473 807 528 introitum
831 475 859 528 et

65 551 131 607 hanc
149 551 228 605 solam
248 550 333 605 Galba
350 551 491 616 victoriam,
510 569 568 606 cum
586 551 613 605 in
631 550 710 605 oculis
728 549 799 604 urbis
818 549 860 624 de-¹

65 627 153 684 cimari
174 626 274 681 deditos
292 626 401 696 juberet,
422 645 485 697 quos
502 627 667 698 deprecantes
683 627 711 681 in
728 624 803 680 fidem
819 643 859 680 ac-

66 707 176 774 ceperat.
213 703 264 757 His
277 703 395 772 auspiciis
408 704 496 758 urbem
508 704 647 774 ingressus,
662 721 737 774 quam
753 702 859 772 gloriam
870 708 885 755 6

66 780 99 834 ad
114 780 284 850 principatum
303 779 390 832 attulit
408 780 458 834 nisi
474 781 551 834 occisi
566 779 712 834 Obultronii
729 777 815 832 Sibini
833 783 860 832 et

66 856 179 910 Cornelii
192 855 309 909 Marcelli
321 855 348 908 in
360 855 495 926 Hispania,
507 857 585 910 Betui
598 856 712 910 Chilonis
725 854 752 909 in
771 853 860 922 Gallia,

65 931 169 987 Fonteii
182 931 313 1002 Capitonis
326 931 352 985 in
365 931 508 997 Germania,
523 932 605 987 Clodii
617 931 700 986 Macri
720 931 747 984 in
765 931 860 997 Africa,

67 1008 187 1079 Cingonii
216 1008 243 1061 in
268 1007 315 1068 via,
341 1007 484 1078 Turpiliani
507 1008 534 1062 in
558 1009 628 1073 urbe,
654 1006 803 1079 Nymphidii
833 1007 861 1060 in

66 1085 178 1140 castris?
216 1085 278 1148 Quae
290 1102 396 1154 usquam
409 1085 546 1154 provincia,
560 1104 616 1156 qua
629 1088 712 1139 castra
730 1089 799 1147 sunt,
812 1082 885 1146 nisit

66 1165 175 1216 cruenta
187 1163 213 1214 et
226 1159 359 1224 maculata,
373 1165 417 1213 aut
430 1165 460 1214 nt
472 1161 527 1230 ipsc
541 1160 670 1232 praedicat,
684 1159 817 1214 emendata
834 1164 861 1212 et

67 1237 203 1293 correcta?
222 1253 281 1290 nam
294 1254 350 1305 qua
363 1235 404 1289 alii
417 1235 519 1302 scelera,
533 1237 575 1291 hic
586 1235 698 1290 remedia
709 1239 791 1300 vocat,
801 1234 862 1288 dum

67 1314 140 1369 salsis
155 1311 298 1366 nominibus
316 1311 477 1366 severitatem
495 1331 542 1382 pro
560 1312 665 1376 saevitia,
683 1311 862 1382 parsimoniam

67 1409 115 1462 pro
137 1389 250 1453 avaritia,
270 1387 394 1458 supplicia
410 1391 436 1442 et
454 1388 619 1442 contumelias
637 1392 734 1441 vestras
754 1386 862 1456 discipli·

67 1485 128 1522 nam
146 1465 263 1536 appellat.
301 1464 404 1533 Septem
417 1482 432 1518 a
444 1464 555 1518 Neronis
573 1465 623 1519 fine
637 1481 738 1518 menses
753 1467 821 1526 sunt,
836 1466 886 1524 ets

65 1545 120 1615 jam
132 1542 189 1612 plus
201 1541 286 1612 rapuit
304 1540 389 1595 Icelus
407 1559 481 1611 quarn
500 1541 569 1612 quod
584 1540 704 1611 Polycliti
722 1543 749 1594 et
765 1539 864 1594 Vatinii

69 1623 97 1675 et
121 1617 216 1688 AEgiali
239 1620 400 1688 paraverunt.
448 1619 551 1672 Minore
575 1619 682 1673 avaritia
707 1635 737 1672 ac
760 1616 886 1679 hcentiao

68 1699 201 1767 grassatus
214 1697 281 1748 esset
293 1693 322 1747 Τ.
336 1693 436 1758 Vinius,
456 1695 478 1748 si
495 1695 550 1765 ipse
567 1695 733 1766 imperasset:
752 1711 821 1747 nunc
838 1697 865 1746 et

69 1771 198 1841 subjectos
210 1787 256 1824 nos
271 1768 360 1824 habuit
376 1773 498 1841 tanquam
514 1790 581 1840 suos,
594 1777 621 1826 et
632 1771 695 1826 viles
712 1774 742 1824 ut
761 1769 863 1824 alienos.

70 1848 135 1902 Una
146 1846 189 1900 illa
201 1845 290 1900 domus
303 1845 396 1900 sufficit
414 1847 541 1917 donativo,
560 1846 629 1918 quod
647 1846 718 1902 vobis
735 1863 864 1916 nunquam
874 1848 904 1893 1⁰

78 1924 156 1978 datur
175 1925 201 1976 et
221 1921 333 1993 quotidie
355 1922 529 1992 exprobratur.
565 1927 613 1988 Ac,
625 1942 658 1978 ne
670 1941 721 1994 qua
733 1923 822 1976 saltem
838 1920 911 1975 in38

73 2016 220 2054 successore
233 1997 320 2053 Galbae
335 2017 393 2068 spes
411 2004 489 2065 esset,
509 2001 615 2056 accersit
634 1999 665 2054 ab
684 1999 773 2054 exsilio
790 2015 865 2066 quem

70 2075 179 2130 tristitia
191 2078 218 2128 et
230 2074 336 2129 avaritia
348 2074 389 2127 sui
401 2074 555 2129 simillimum
571 2075 709 2146 judicabat.
746 2073 863 2138 Vidistis,
873 2077 888 2123 ²

73 2151 264 2214 commilitones,
277 2150 385 2204 notabili
395 2153 549 2221 tempestate
561 2152 638 2206 etiam
651 2151 712 2205 deos
728 2150 866 2204 infaustam

73 2225 236 2296 adoptionem
261 2229 415 2280 aversantes.
457 2225 529 2281 Idem
552 2231 663 2291 senatus,
688 2226 757 2280 idem
779 2225 889 2296 populis

72 2301 184 2358 Romani
196 2301 294 2354 animus
313 2305 360 2355 est.
397 2301 493 2356 Vestra
509 2303 592 2358 virtus
610 2305 781 2372 exspectatur,
799 2300 868 2370 apud

74 2397 138 2450 quos
162 2394 237 2432 omne
261 2376 377 2430 honestis
401 2377 512 2432 consiliis
537 2378 622 2443 robur,
648 2382 674 2432 et
696 2377 751 2431 sinc
775 2375 867 2446 quibus

74 2454 190 2525 quamvis
203 2453 306 2524 egregia
317 2452 426 2507 invalida
439 2457 507 2508 smrt.
542 2455 605 2509 Non
616 2453 648 2508 ad
659 2453 754 2508 bellum
766 2471 811 2508 vos
821 2468 892 2514 neca

74 2530 107 2586 ad
128 2529 269 2601 periculum
292 2547 371 2584 voco:
391 2530 504 2584 omnium
522 2531 632 2584 mffitum
650 2548 720 2584 arma
737 2529 868 2584 nobiscum

75 2609 145 2662 sunt.
180 2606 238 2661 Nec
256 2624 308 2660 una
326 2605 416 2660 cohors
434 2609 524 2678 togata
542 2606 655 2662 defendit
670 2623 739 2661 nunc
755 2606 892 2672 Galbams

75 2682 122 2738 sed
140 2681 245 2736 detinet.
283 2682 348 2736 Cum
367 2699 412 2737 vos
433 2684 568 2754 aspexerit,
587 2702 646 2739 curn
664 2684 765 2754 signum
786 2701 871 2736 meum

76 2758 210 2828 acceperit,
224 2758 273 2812 hoc
285 2757 368 2812 solum
380 2757 428 2812 erit
441 2763 577 2824 certamen,
592 2760 648 2830 quis
661 2760 724 2813 mihi
733 2758 870 2829 plurimum

76 2836 195 2905 imputet.
232 2834 327 2888 Nullus
345 2835 514 2890 cunctationis
532 2835 603 2890 locus
621 2839 661 2890 est
678 2835 706 2888 in
722 2852 752 2888 eo
767 2833 895 2890 consilioc

79 2909 222 2990 quodnon
245 2913 331 2981 potest
355 2910 453 2966 laudan
480 2911 531 2966 nisi
560 2910 717 2980 peractum.'’
766 2905 873 2974 Aperire
