2104 3022
181 132 230 184 m
504 131 652 182 raelws

180 245 262 300 Basso
273 242 341 298 domi
356 246 504 308 msauntur,
519 243 617 314 pulchri
629 241 731 314 quidem
744 244 771 297 et
779 240 896 315 jucundi,
914 259 982 312 quo·

180 339 236 376 rum
248 324 335 374 tamen
346 321 389 376 hie
399 319 486 375 exitus
498 323 537 374 est
549 323 659 384 utemur
674 322 732 374 toto
744 335 817 384 suno,
831 335 878 388 per
888 335 981 374 onmes

181 397 355 466 mesnagis
377 396 490 450 noctium
511 400 584 466 purte
607 413 687 450 unum
709 395 803 450 librum
826 393 931 450 excudit
952 399 982 450 et

180 473 347 536 elucubravit,
361 489 451 542 rogare
463 472 531 526 ultro
543 475 570 526 et
582 471 677 526 ambire
694 475 808 543 negatur,
821 475 852 526 ut
864 471 918 526 sint
934 471 982 541 qui

181 549 318 620 dignentur
334 547 428 613 audire,
442 551 469 602 et
484 565 517 602 ne
532 547 560 602 id
575 547 677 618 quidem
693 549 789 619 gratis:
815 565 874 602 uam
889 553 917 602 et
933 547 982 602 de·

180 643 250 680 mum
261 627 402 689 mutuatur,
415 627 442 678 et
454 622 606 678 auditorium
620 625 739 692 exstruit,
747 628 774 680 et
786 623 907 679 subsellis
918 641 982 678 eou-

157 701 258 767 4dueit,
277 703 305 754 et
322 699 419 754 libellos
440 699 571 772 dispergit.
608 701 643 755 Et
659 703 690 755 ut
707 699 869 756 beatissimus
886 700 981 754 recita-

180 777 275 832 tionem
291 776 347 846 ejus
363 781 470 832 eventus
487 781 663 848 prosequatur,
676 777 759 831 omnis
774 777 819 831 illa
833 776 896 841 laus,
910 776 981 830 intru

180 869 259 908 rmum
277 856 322 907 sut
339 853 447 908 alterum
462 853 537 917 diem,
553 853 624 908 velut
640 853 667 907 in
683 853 764 908 herbu
778 853 819 908 vel
834 853 897 908 dore
914 871 980 922 pras·

180 932 262 999 eepta,
281 928 313 984 ad
330 929 426 984 nullam
443 933 539 985 eertum
557 933 584 985 et
604 929 710 984 solidum
727 929 843 1000 pervenit
861 929 978 999 frugem

180 1023 228 1062 nee
242 1009 287 1060 aut
303 1005 439 1060 amicitiam
454 1005 513 1060 iude
529 1007 608 1061 refert
624 1009 668 1060 aut
685 1005 829 1060 clientelam
845 1009 890 1059 aut
906 1023 979 1058 man·

181 1099 270 1137 surum
289 1082 317 1136 in
334 1082 417 1136 ummo
435 1086 585 1154 cujusquam
602 1082 760 1147 beneficium,
779 1081 826 1136 sed
843 1081 978 1136 elumorem

160 1167 274 1230 tragum
295 1161 321 1213 et
342 1175 417 1213 voees
435 1159 523 1213 inanes
543 1162 571 1213 et
591 1158 712 1229 gaudium
732 1157 841 1212 volucre
877 1157 978 1211 Imuda⁴

180 1235 263 1290 vimus
275 1252 364 1305 nuper,
376 1238 407 1289 ut
420 1235 547 1290 mirumst
563 1235 691 1299 eximiam,
704 1233 856 1304 Vespasiani
869 1232 979 1288 liberuli-

180 1314 269 1376 ιιιειιι,
280 1310 348 1382 quod
364 1311 505 1383 quingenta
520 1311 638 1366 sestertia
653 1311 735 1365 Basso
752 1310 879 1365 desisset.
915 1309 978 1370 Pul

180 1387 305 1442 ehrumid
315 1386 424 1458 quidem,
434 1388 619 1459 indulgentiam
627 1386 750 1458 principis
758 1386 861 1455 ingenio
869 1385 976 1440 mereris

180 1465 277 1532 quanto
291 1466 379 1518 tamen
394 1464 532 1534 pulchrius,
544 1464 567 1518 ai
583 1463 620 1518 ita
635 1481 676 1518 res
693 1462 822 1516 familisris
839 1462 934 1532 exigat,
948 1480 977 1517 se

180 1537 264 1606 ipsum
284 1538 374 1602 solere,
393 1557 467 1593 sumn
488 1539 590 1610 genium
610 1539 757 1610 propitiare,
775 1555 846 1593 suam
867 1537 977 1608 experiri

158 1613 373 1669 tliberalitatem!
405 1615 496 1684 Adjiae
520 1615 588 1686 quod
611 1616 702 1685 poetis,
727 1616 750 1670 si
772 1614 848 1669 niodo
871 1615 977 1685 dignum

180 1688 275 1760 aliquid
291 1689 419 1745 elaborare
435 1694 462 1745 et
478 1691 575 1746 effieere
590 1692 678 1759 velint,
694 1691 859 1762 relinquenda
874 1709 977 1746 eonver-

180 1765 245 1820 sutio
266 1766 404 1820 amieos-um
421 1769 448 1822 et
462 1767 611 1837 jueunditas
629 1768 708 1835 urbis,
728 1767 867 1823 deserenda
883 1771 977 1823 eaeteru

179 1841 261 1898 officia
272 1846 306 1910 et,
317 1846 348 1898 ιιι
359 1842 410 1914 ipsi
425 1843 522 1910 dieunt,
537 1847 578 1900 ‘iu
589 1862 693 1900 nemora
708 1847 735 1899 et
750 1844 837 1912 luens,'
849 1843 877 1898 id
888 1848 935 1909 est,
948 1845 976 1900 iu

180 1919 350 1987 solitudinem,
361 1920 531 1976 resedendum
544 1925 592 1976 eat,

136 2001 172 2055 10
216 1997 281 2052 “Ne
293 1997 378 2068 opinio
390 1997 492 2069 quidem
503 2001 530 2053 et
542 1999 617 2064 fama,
629 1997 670 2053 eui
682 1996 729 2051 soli
741 1997 856 2052 serviunt
868 2000 895 2051 et
907 1997 976 2068 quod

179 2092 259 2129 unum
279 2092 335 2130 esse
352 2076 464 2146 pretium
482 2075 576 2130 laboris
594 2075 634 2130 sui
655 2075 776 2139 fatentur,
796 2091 867 2144 mque
887 2079 975 2145 poetas

179 2168 256 2221 quam
276 2155 390 2206 oratores
414 2152 564 2222 insequitur,
586 2151 704 2222 quoniam
725 2151 863 2206 medioeres
886 2155 975 2221 politas

157 2236 253 2283 unemo
268 2229 348 2295 novit,
365 2227 445 2282 bonos
461 2228 544 2298 pauci.
580 2227 691 2286 Quando
708 2227 974 2282 enim.rarissimurum

179 2305 357 2360 mutationum
369 2304 436 2359 fame
447 2305 474 2359 in
486 2307 568 2359 totam
579 2303 670 2358 urbem
684 2304 822 2374 penetrati
840 2303 933 2358 nedum
943 2310 975 2357 ut

179 2398 226 2449 per
245 2384 286 2435 tot
306 2381 448 2451 provincias
469 2381 620 2435 innotescet.
656 2380 895 2450 Quotusquisque,
917 2397 975 2434 eum

179 2471 213 2508 ex
227 2455 353 2525 Hispania
366 2456 408 2510 vel
418 2456 488 2519 Asia,
501 2473 535 2510 ue
552 2457 612 2527 quid
626 2456 657 2510 de
674 2457 753 2511 Gallis
766 2457 860 2510 nostris
877 2456 973 2526 loquar,

178 2529 206 2582 in
217 2529 306 2583 urbem
322 2531 402 2595 venit,
415 2531 524 2586 Saleium
542 2532 649 2586 Bassum
664 2533 791 2603 requirit?
809 2533 896 2603 Atque
912 2533 974 2587 adeo

179 2604 201 2658 si
213 2604 270 2674 quis
282 2605 395 2674 requirit,
408 2610 439 2660 ιιι
451 2608 529 2664 semel
544 2609 617 2674 vidit
629 2609 723 2664 transit
735 2613 761 2664 et
777 2612 913 2663 contentus
925 2616 973 2674 est,

158 2683 210 2734 tut
230 2679 253 2734 si
270 2679 395 2749 picturam
413 2681 524 2752 aliquam
540 2685 581 2740 vel
599 2687 712 2739 statamus
731 2685 844 2740 uisset.
882 2685 973 2755 Neque
