2070 3204
159 137 176 181 4
497 129 618 179 TAOITI

798 189 961 242 [ancara

160 244 211 298 tari
222 243 290 298 fama
306 241 434 298 celebrata
451 243 574 298 severitas
591 241 647 312 ejus
662 239 772 311 augebat
787 248 969 312 aspernantes.

160 324 274 375 veterem
295 318 460 390 disciplinam,
479 322 556 390 atque
577 318 615 372 ita
636 315 829 388 quatuordecim
850 319 924 373 anuis
944 337 979 374 a·

162 397 268 451 Nerone
292 395 457 459 assuefactos,
479 399 510 449 ut
533 394 603 449 haud
620 394 703 448 minus
727 393 791 449 vitia
813 395 961 466 principum

140 471 714 544 lamarentquamolimvirtutesverebantur.
745 472 862 526 Accessit
871 471 961 528 Galbae

162 567 213 604 vox
226 567 272 619 pro
285 567 312 603 re
324 548 426 620 publiea
436 549 554 614 honesta,
567 547 617 618 ipsi
629 565 729 616 anceps,
749 545 800 618 legi
816 565 832 602 a
847 566 875 602 se
892 547 961 603 mili-

162 628 223 690 tem,
236 643 288 680 non
300 625 357 680 cmi.
393 625 450 679 Nec
462 625 529 679 enirn
542 623 574 678 ad
585 624 651 678 hado
663 624 771 678 formam
781 627 866 679 cetera
875 627 959 679 erant.

138 701 307 758 CInvalidum
320 719 405 755 senem
418 701 493 755 Titus
505 700 599 754 Vinius
612 703 638 754 et
656 699 789 754 Coroebus
801 700 879 765 Laco,
893 701 961 756 alter

163 776 315 832 deterrimus
327 777 480 842 mortalium,
494 777 559 832 alter
570 776 757 848 ignavissimus,
775 775 833 831 odio
849 775 960 847 flagitio-

141 857 361 909 2rumoneratum
370 853 625 924 contemptuinertiae
635 851 808 908 destruebant.
845 852 961 907 Tardum

164 929 250 984 Galbae
266 930 317 984 iter
335 933 362 984 et
379 934 521 994 cruentum,
540 928 682 983 interiectis
700 928 823 999 Cingonio
842 930 960 983 Varrone

164 1006 267 1061 consule
280 1006 412 1076 designato
425 1009 451 1061 et
463 1005 586 1060 Petronio
595 1003 742 1074 Turpiliano
752 1004 895 1059 consulari:
914 1003 960 1060 illc

163 1086 194 1137 ut
206 1082 357 1155 Nymphidii
369 1083 460 1148 socius,
474 1082 515 1136 hic
527 1085 557 1136 ut
570 1080 622 1135 dux
631 1079 751 1146 Neronis,
762 1080 870 1135 inauditi
879 1084 960 1152 atque

143 1159 289 1224 sindefensi
305 1164 427 1231 tanquam
445 1160 593 1214 innocentes
610 1157 747 1228 perierant.
783 1157 911 1212 Introitus
929 1157 960 1212 in

164 1237 252 1292 urbem
265 1236 399 1292 trucidatis
411 1239 451 1289 tot
464 1235 574 1289 millibus
591 1233 725 1288 inermium
737 1233 848 1288 militnm
860 1233 960 1289 infans

164 1316 208 1366 tus
220 1313 311 1380 omine,
325 1317 401 1382 atque
413 1311 475 1380 ipsis
492 1311 569 1366 etiam
587 1310 632 1381 qui
649 1309 794 1365 occiderant
812 1310 959 1366 formidolo-

142 1405 216 1454 4sus.
253 1388 365 1442 inducta
379 1387 478 1458 legione
496 1387 621 1458 Hispana,
637 1391 784 1442 remanente
800 1405 831 1442 ea
848 1405 923 1458 quam
943 1406 959 1442 e

165 1463 245 1518 classe
257 1464 329 1519 Nero
341 1463 533 1534 conscripserat,
550 1463 625 1534 plena
642 1463 704 1518 urbs
716 1464 832 1518 exercitu
843 1464 957 1520 insolite.

142 1540 244 1607 5Multi
252 1540 284 1594 ad
292 1541 341 1595 hoc
349 1541 448 1594 numeri
457 1559 471 1594 e
480 1540 615 1595 Germania
623 1558 653 1595 ac
664 1540 798 1595 Britannia
807 1545 833 1596 et
843 1541 956 1613 Illyric0,

164 1635 228 1687 quos
240 1617 307 1671 idem
320 1617 391 1671 Nero
404 1616 498 1671 electos
510 1617 705 1687 praemissosque
722 1616 754 1671 ad
770 1617 883 1672 claustra
895 1617 958 1672 Cas·

163 1693 263 1763 piarum
275 1697 301 1747 et
313 1693 408 1748 bellum
421 1692 489 1763 quod
500 1693 527 1746 in
538 1693 651 1748 Albanos
661 1693 773 1764 parabat,
785 1693 957 1764 opprimendis

163 1769 279 1824 Vindicis
288 1770 377 1840 coeptis
384 1773 557 1824 revocaverat:
579 1771 668 1841 ingens
675 1771 747 1825 novis
755 1771 832 1826 rebus
841 1770 957 1837 materia,

163 1849 267 1900 utnon
289 1846 317 1900 in
339 1864 420 1904 unum
444 1845 554 1917 aliquem
577 1865 657 1917 prono
681 1847 775 1912 favore,
794 1847 832 1902 ita
852 1846 957 1902 audenti

142 1925 259 2009 7parata.
295 1922 373 1976 Torte
391 1926 543 1992 congruerat
561 1928 591 1978 ut
610 1922 693 1978 Clodii
710 1925 794 1978 Macri
810 1927 837 1978 et
855 1923 957 1978 Fonteii

40 2019 41 2023 ¹
164 1997 295 2068 Capitonis
308 1997 389 2053 caedes
398 1998 585 2052 nuntiarentur.
621 1999 739 2054 Macrum
753 2000 877 2054 inAfrica
887 1999 957 2054 haud

163 2073 240 2130 dubie
252 2074 399 2134 turbantem
411 2074 552 2130 Trebonius
563 2075 718 2130 Garutianus
726 2083 876 2147 procurator
882 2077 957 2148 jussu

163 2152 257 2218 Galbae,
272 2153 424 2224 Capitonem
439 2152 466 2207 in
483 2152 626 2218 Germania,
642 2170 701 2207 cum
718 2153 811 2206 similia
824 2155 954 2222 coaptaret,

164 2229 297 2293 Cornelius
318 2230 436 2300 Aquinus
461 2234 487 2285 et
505 2230 600 2285 Fabius
618 2229 713 2284 Valens
730 2229 810 2298 legati
828 2228 956 2298 legionum

135 2305 351 2375 pinterfecerant,
366 2310 501 2375 antequam
515 2306 675 2375 juberentur.
712 2305 795 2357 Fuere
810 2303 854 2372 qui
872 2303 956 2358 crede·

162 2384 220 2434 rent
233 2380 383 2449 Capitonem
395 2385 425 2433 ut
438 2380 545 2433 avaritia
557 2383 584 2434 et
599 2379 703 2434 libidine
715 2379 811 2433 foedum
828 2396 857 2433 ac
873 2398 955 2434 macu-

162 2456 252 2522 losum,
270 2457 307 2509 ita
319 2455 474 2526 cogitatione
485 2473 571 2509 rerum
583 2473 706 2510 novarum
723 2455 892 2523 abstinuisse;
911 2457 955 2512 sed

163 2531 281 2604 elegatis
293 2531 387 2586 bellum
400 2530 572 2598 suadentibus,
585 2535 721 2603 postquam
730 2532 858 2605 impellere
867 2533 954 2604 nequi-

164 2609 254 2674 verint,
268 2609 363 2663 crimen
376 2626 405 2663 ac
417 2607 503 2662 dolum
518 2609 587 2664 ultro
604 2609 772 2680 compositum
780 2633 787 2677 ;
807 2613 834 2665 et
851 2610 954 2666 Galbam

163 2685 305 2742 mobilitate
325 2685 429 2757 ingenii,
453 2702 487 2740 an
509 2703 542 2742 ue
566 2685 643 2742 altius
664 2689 829 2754 scrutaretur,
855 2702 953 2758 quoquo
