2104 3022
313 136 361 184 DE
379 136 604 186 oaenoalaus
622 138 646 195 9,
659 139 696 188 10.
831 141 879 192 29⁸

88 247 154 304 bono
173 265 257 304 meum
281 265 421 306 sermonem
445 249 482 306 sio
504 248 585 319 aooipi
607 247 814 318 solomonem
834 265 879 306 eoa

88 324 179 394 quibua
190 327 281 380 natura
291 342 339 380 sua
352 325 491 380 oratorium
502 324 631 395 ingenium
647 323 782 394 denegavit
794 322 881 380 dotet.

87 418 154 456 ream
174 418 190 456 a
209 400 369 468 omninibus,
390 401 412 456 si
433 401 508 458 modo
528 402 556 458 in
575 401 623 456 hae
643 400 785 456 studiorum
805 404 878 472 purte

87 475 211 532 oblectare
222 476 303 532 otium
315 483 342 532 st
353 495 447 532 nomen
457 477 568 534 inserere
582 479 693 547 possunt
704 476 785 534 faus.
820 476 905 548 ugos

86 570 145 608 vero
162 569 262 608 omnem
279 553 448 624 eloquentiam
462 571 599 624 omnesque
615 553 671 625 ejus
688 556 774 624 partes
792 569 878 608 merus

86 631 113 684 et
128 627 281 684 venerabiles
292 633 363 699 puto,
376 647 424 687 neo
440 630 521 686 solum
537 630 690 686 oothurnum
701 633 816 685 vestrum
832 636 878 685 ant

86 703 180 760 heroioi
189 705 308 760 oarminis
324 723 422 770 sonum
436 705 481 762 aed
496 706 632 776 lyricorum
648 723 750 776 quoque
757 704 877 775 jncundi-

85 780 345 851 tatemetelegorum
353 781 475 847 moinus,
485 785 513 838 et
523 781 664 838 iamborum
673 781 876 848 amaritudinem,

85 861 109 910 el
124 856 335 926 epigrammatum
350 857 430 922 lusus,
443 861 470 913 et
486 875 661 928 quameunque
677 857 752 912 alium
767 858 878 928 speeiem

85 931 228 1001 eloquentia
238 932 338 998 babeat,
349 933 549 1002 anteponendam
560 933 658 988 oaeteris
668 932 775 988 abarum
784 933 878 988 artium

85 1007 176 1062 studiis
187 1006 270 1062 oredo.
307 1007 358 1062 Sed
369 1015 454 1064 mum
465 1009 536 1074 mihi,
546 1009 672 1073 Materne,
685 1026 726 1064 res
739 1011 786 1074 est,
800 1008 902 1078 quoio

85 1101 143 1138 omn
154 1087 245 1138 natura
255 1087 302 1138 tna
313 1082 340 1140 in
351 1083 432 1152 ipsam
447 1102 530 1140 aroem
542 1084 692 1154 eloquentia
708 1083 782 1150 ierat,
794 1101 878 1140 errare

6 1179 7 1228 3
85 1159 320 1223 maris,etsnmnna
334 1159 514 1229 adepturusin
529 1159 665 1216 levioribus
677 1158 803 1214 subsistis.
841 1160 878 1216 Ut

86 1235 108 1292 ai
127 1236 155 1290 in
174 1234 272 1290 (irreoia
294 1240 371 1290 natus
394 1253 472 1300 esses,
494 1235 538 1290 ubi
555 1234 665 1290 ludiones
687 1252 788 1305 quoque
809 1236 878 1290 artes

85 1329 201 1367 ereroere
212 1310 348 1366 bonestum
359 1318 407 1376 est,
420 1329 450 1368 ao
460 1311 509 1368 tibi
521 1311 666 1368 Niooatrati
676 1311 752 1366 robur
769 1328 799 1366 ae
810 1310 879 1366 vires

85 1386 111 1442 dl
126 1387 260 1452 dedissent,
278 1404 330 1442 nou
346 1391 446 1456 paterer
462 1389 582 1444 immanes
598 1386 656 1442 illos
674 1390 701 1442 et
717 1385 750 1442 ad
767 1404 879 1457 pugnam

82 1467 157 1520 natos
172 1463 281 1520 luoertos
296 1462 401 1519 levitate
415 1463 493 1534 januli
509 1467 555 1520 aut
567 1464 639 1535 jaetu
656 1462 719 1520 disoi
734 1480 878 1530 vanescere,

82 1541 120 1598 sio
139 1557 209 1596 nuno
225 1543 253 1596 te
273 1538 305 1596 ab
322 1539 455 1596 auditoriis
472 1544 499 1596 et
519 1539 627 1598 theatris
648 1540 676 1596 in
695 1540 781 1596 lorum
798 1541 826 1596 et
846 1539 880 1596 ad

82 1631 172 1673 musas
189 1619 217 1670 et
234 1613 267 1670 ml
283 1633 344 1670 vera
362 1615 452 1686 pralia·
465 1633 537 1682 vooo,
555 1633 614 1672 oum
634 1616 778 1686 prasertim
795 1615 880 1672 need

82 1691 146 1747 illud
166 1690 266 1762 quidem
290 1691 428 1763 ooniugere
451 1693 533 1763 possis
553 1691 624 1764 qood
645 1691 772 1763 plerisque
792 1695 879 1763 patro·

83 1768 190 1833 einatun
207 1771 328 1839 tanquam
343 1769 427 1826 minua
443 1769 580 1826 obnoxium
597 1769 631 1824 eit
646 1768 775 1825 offendere
790 1772 878 1838 potta-

83 1862 141 1900 rnm
164 1861 240 1914 quam
263 1848 393 1900 oratorum
416 1844 537 1902 studium.
574 1844 723 1900 Effervesoit
747 1843 814 1898 enim
839 1845 901 1900 viso

82 1920 257 1990 pulcherrirna
274 1923 373 1974 naturm
390 1924 456 1986 tum;
482 1937 529 1974 neo
546 1936 592 1988 pro
611 1919 692 1974 amieo
711 1919 803 1988 aliquo,
822 1919 876 1986 sol,

83 1995 153 2068 quod
172 1995 337 2066 periculosius
355 1999 402 2061 est,
421 2013 468 2065 pro
489 1995 588 2050 (latone
604 1993 719 2048 offendis.
754 1993 811 2050 Neo
832 2012 876 2048 ex-

82 2075 188 2128 onaatur
207 2071 303 2128 offensa
322 2070 508 2128 neoeasitudine
531 2069 610 2126 offleii
629 2073 675 2124 aut
698 2069 748 2124 fide
771 2068 878 2124 odvooa·

83 2149 160 2206 tionis
178 2151 223 2202 aut
242 2149 358 2204 fortuitos
375 2165 405 2203 ao
422 2147 512 2202 subitae
532 2145 650 2200 dictionis
667 2145 781 2214 impetu:
800 2144 877 2201 medi·

81 2226 154 2278 tatus
166 2222 289 2293 videris.†
300 2227 345 2278 ant
360 2223 466 2294 elegisse
477 2239 610 2292 personam
626 2219 763 2276 notabilem
775 2222 801 2276 et
818 2237 877 2276 oum

82 2299 236 2356 auctoritate
257 2297 390 2356 dicturam.
426 2298 515 2354 Sentio
535 2296 597 2368 quid
614 2295 760 2366 responderi
778 2294 900 2366 possim

81 2373 142 2430 bino
155 2375 269 2444 ingentis
280 2374 298 2443 †
309 2392 344 2430 ex
360 2375 400 2430 bis
416 2391 541 2438 assensus,
555 2373 608 2428 bno
623 2372 651 2428 in
666 2371 728 2442 ipsis
744 2370 877 2426 auditoriis

81 2451 210 2519 praeoipue
232 2449 331 2506 landmi
353 2454 380 2506 et
403 2468 463 2506 mox
485 2449 599 2504 omnium
625 2447 782 2506 sermonibus
807 2447 876 2504 ferri.

81 2526 154 2584 Tele
165 2526 245 2597 igitur
254 2526 348 2596 quietis
360 2530 386 2584 et
395 2525 539 2582 seouritatis
551 2525 746 2590 exeusationem,
760 2542 818 2580 oum
829 2523 878 2580 tibi

81 2620 169 2658 aumas
179 2601 350 2658 adversarium
359 2602 522 2672 superiorem.
553 2599 640 2667 ,Nobis
649 2601 711 2656 satis
721 2601 755 2656 sit
764 2600 876 2671 privatas
886 2612 900 2658 8

82 2681 111 2736 et
122 2678 206 2738 nostri
216 2678 296 2736 seouli
310 2679 495 2738 oontroveraiaa
510 2677 626 2745 tueriin
642 2677 734 2750 quibua
744 2675 876 2748 'expressis
