2096 3038
176 125 224 176 1⁶⁰
512 121 634 173 TAGffl

809 184 978 232 nuum

153 236 202 293 rc
220 233 289 306 quali
305 232 447 290 fortuna'
426 235 461 288 ιιι
479 251 550 298 usus,
569 233 657 304 paucis
674 233 799 303 repetam.
835 234 981 290 Helvidius

175 309 691 380 Priscus†[regione1taliijarecmae
704 309 868 375 (Tanarum
879 310 910 378 t)
925 329 982 365 mu·

175 389 276 460 nicipio
296 387 386 444 Cluvio
403 390 485 458 patre,
502 387 547 458 qui
569 386 684 442 ordinem
705 386 828 458 primipili
848 387 981 451 duxisset,

176 465 307 536 ingenium
329 463 427 520 illustre
451 463 584 520 altioribus
603 463 695 520 studiis
712 463 816 533 juvenis
837 463 982 520 admodum

176 541 255 606 dedit,
268 558 320 596 non
330 543 361 594 ut
372 539 494 611 plerique,
503 545 533 594 ιιι
543 540 645 594 nomine
656 539 790 610 magnifico
803 557 888 609 segne
897 541 982 596 otium

179 617 280 682 velaret,
293 616 339 672 sed
351 634 401 687 quo
413 617 508 672 llrmior
527 616 649 672 adversus
663 616 773 672 fortuita
789 617 982 686 rempublicam

155 696 328 762 scapesseret.
364 694 490 748 Doctores
515 693 645 764 sapientire
669 696 773 748 secutus
794 697 836 748 est
859 694 908 764 qui
929 693 982 748 sols

177 768 244 823 bona
255 787 311 838 quae
322 768 439 832 honesta,
450 768 516 823 mals
529 772 631 824 tantum
644 787 701 840 quae
716 767 812 838 turpia,
824 769 980 838 potentiam,

177 843 344 912 nobilitatem,
352 848 495 916 ceteraque
504 848 577 900 extra
587 845 707 911 animum,
714 861 797 914 neque
807 843 887 900 bonis
897 864 981 916 neque

154 920 251 978 amalis
263 923 438 974 annumerant
475 921 637 980 Quaestorius
649 920 764 986 adhuc,a
775 919 851 974 Paeto
864 921 980 976 Thrasea

177 1014 257 1068 gener
274 995 398 1060 delectus,
415 1015 430 1051 e
447 997 562 1052 moribus
579 997 661 1053 soceri
679 996 743 1051 nihil
760 1013 833 1065 aeque
850 1014 885 1052 ac
904 997 980 1052 liber-

177 1077 259 1128 tatem
282 1073 375 1138 bausit,
398 1073 469 1140 civis,
490 1077 600 1139 senator,
622 1073 737 1137 maritus,
758 1089 846 1142 gener,
871 1074 978 1138 amicus,

178 1149 278 1206 cunctis
294 1149 355 1205 vitm
371 1149 458 1204 officiis
474 1149 612 1221 aequabilis,
630 1167 707 1219 opum
723 1151 898 1218 contemptor,
917 1150 981 1206 recti

153 1227 305 1298 epcrvioax,
317 1229 436 1280 constans
449 1224 570 1282 adversus
586 1229 679 1280 metus.
715 1225 798 1280 Erant
817 1224 918 1295 quibus
940 1245 980 1296 ap

179 1303 308 1372 potentior
331 1302 405 1357 lamae
428 1301 567 1368 videretur,
591 1301 692 1372 quando
715 1301 794 1356 etiam
817 1302 979 1372 sapientibus

179 1377 272 1448 cupido
295 1377 384 1449 gloriae
406 1377 546 1434 novissima
573 1378 685 1434 exuitur.
721 1377 809 1432 Ruina
838 1379 927 1434 soceri
956 1381 981 1434 iu

180 1453 297 1509 exsilium
313 1454 410 1524 pulsus,
422 1457 453 1508 ut
465 1454 552 1510 Galbae
569 1454 715 1524 principatu
725 1452 809 1518 rediit,
823 1453 980 1511 Marcellum

158 1529 295 1601 allprium,
309 1529 446 1586 delatorem
464 1530 589 1595 immeo,
607 1548 725 1586 accusare
743 1529 907 1600 aggreditur.
944 1533 980 1586 m
1024 1579 1025 1600 p

181 1606 254 1672 ultio,
273 1607 400 1662 incertum
423 1606 504 1677 major
524 1625 558 1662 an
577 1607 680 1677 justior,
704 1609 823 1662 senatum
843 1606 874 1660 in
896 1608 980 1664 studio
1024 1609 1025 1616 ’

181 1682 332 1738 diduxerat:
350 1700 409 1737 nam
427 1682 450 1738 si
469 1681 572 1738 caderet
589 1682 735 1742 Marcellus.
760 1699 853 1752 agmen
877 1702 979 1740 reorum

182 1759 352 1814 sternebatur.
378 1759 466 1814 Primo
477 1759 563 1814 minax
575 1763 712 1825 certamen,
720 1762 747 1813 et
759 1759 872 1829 egregiis
885 1762 979 1816 utrius
1026 1781 1027 1786 ¹

160 1847 233 1906 sque
244 1835 401 1890 orationibus
413 1838 546 1890 testatum.
573 1835 639 1890 Mox
650 1835 728 1892 dubia
738 1834 874 1890 voluntate
884 1837 978 1901 Galba

183 1910 270 1966 multis
283 1913 429 1966 senatorum
444 1910 648 1982 deprecantibus,
662 1910 748 1966 omisit
765 1910 880 1976 Priscus,
895 1914 978 1977 variis

183 1990 214 2044 ut
235 1991 297 2043 sunt
317 1987 448 2042 hominum
471 1987 581 2058 ingenia,
600 1987 759 2042 sermonibus
778 1987 981 2044 moderationem

182 2064 341 2120 laudantium
354 2067 399 2118 aut
411 2063 580 2119 constantiam
592 2063 784 2134 requirentium.

161 2157 180 2206 4
219 2141 348 2197 Caeterum
362 2158 393 2195 eo
410 2144 513 2195 senatus
530 2139 572 2194 die
589 2157 640 2210 quo
657 2139 689 2194 de
704 2138 811 2210 imperio
827 2138 982 2210 Vespasiani

184 2217 329 2282 censebant,
342 2217 472 2286 placuerat
483 2215 554 2271 mitti
566 2215 598 2270 ad
609 2215 749 2286 principem
765 2215 874 2285 legatos.
915 2218 982 2272 Hinc

185 2292 252 2346 inter
275 2291 425 2348 Helvidium
449 2295 476 2348 et
500 2291 608 2362 Eprium
632 2309 690 2348 aere
710 2290 833 2361 jurgium.
877 2291 982 2348 Priscus

185 2365 246 2435 eligi
274 2368 425 2423 nominatim
449 2387 465 2423 a
487 2368 622 2438 magistrat
569 2367 680 2424 ttibus
709 2367 811 2437 juram
841 2367 983 2425 Marcellis
1026 2365 1027 2426 l

185 2457 275 2499 urnam
298 2443 463 2510 postulabat;
487 2463 544 2513 qum
568 2445 679 2498 consulis
704 2442 829 2530 designati
854 2447 984 2500 sententia
1026 2427 1027 2492 l

160 2515 279 2576 Tinerat.
316 2515 367 2566 Sed
384 2516 501 2568 Marcelli
519 2518 633 2570 studium
651 2519 769 2588 proprius
788 2518 869 2572 rubor
889 2523 984 2576 exeita-

188 2586 241 2650 bat,
264 2602 305 2651 me,
322 2587 379 2640 aliis
399 2587 494 2651 electis,
512 2592 676 2656 posthabitus
699 2593 854 2647 crederetur.
892 2595 985 2651 Paula·

188 2659 287 2726 timque
315 2675 362 2726 pcr
391 2627 581 2716 altercationem
604 2666 637 2720 ad
660 2671 794 2724 conuiuas
818 2672 845 2722 ct
876 2671 984 2728 infestas
