2096 3038
164 137 210 184 182
498 133 619 184 uncini

792 196 958 246 mmmm

118 243 228 300 46nun1‘
246 243 368 309 Venutio,
381 242 487 299 vbellum
509 245 583 301 uobis
606 244 730 300 relietum.
767 245 880 300 Turbata
905 265 959 317 per

161 321 263 377 eosdem
280 321 334 376 dies
350 320 484 375 Germania
501 325 528 376 et
546 321 660 376 socordia
674 321 767 376 ducum
784 327 809 376 et
826 321 959 378 seditione

160 397 295 469 legionum.
339 398 453 452 Externa
470 397 503 462 vi,
522 397 627 467 perfidia
646 397 740 462 sociali,
760 415 839 468 prope
858 399 959 454 afflicta

161 473 278 528 Romana
302 491 351 527 res.
388 472 421 526 Id
450 473 543 528 bellum
571 491 630 528 curn
658 473 741 528 causis
765 477 791 528 et
815 473 956 530 eventibus

163 551 268 619 (etenim
290 550 390 620 longius
413 556 562 621 provectum
583 550 641 619 est‚)
663 568 723 605 mox
745 551 954 608 memorabimus.

139 626 235 680 2Mota
246 629 272 679 et
284 626 412 680 Dacorum
421 645 491 697 gens,
502 645 632 698 nunquam
647 626 706 690 lida,
718 630 781 682 tunc
796 628 851 682 sine
868 631 953 694 metu,

160 701 269 757 abducto
287 720 302 756 e
319 701 412 756 Moesia
432 704 553 758 exercitu.
590 702 641 758 Sed
661 704 742 773 prima
761 721 846 758 rerum
866 705 953 774 quieti

160 777 370 848 speculabantur:
397 777 442 832 ubi
460 781 566 850 flagrare
587 779 689 834 Italiam
708 779 782 844 bello,
805 784 898 834 cuneta
921 781 953 836 in

159 855 239 909 vicem
250 853 352 908 hostilia
367 865 492 925 accepere,
510 856 663 926 expugnatis
680 855 822 910 cohortium
840 856 951 912 alarum·

137 945 209 1000 aque
219 929 331 984 hibernis
349 933 457 1000 utraque
474 931 587 986 Danubii
600 932 656 1002 ripa
667 932 838 1001 potiebantur.
874 933 950 987 Jam-

158 1025 207 1076 que
228 1009 312 1061 castra
331 1006 459 1077 legionum
479 1007 627 1062 exscindere
647 1007 777 1080 parabant,
798 1009 825 1062 ni
846 1008 949 1064 Mucia·

158 1101 205 1138 uus
218 1087 317 1138 sextam
329 1083 453 1154 legionem
464 1083 632 1154 opposuisset,
645 1083 821 1138 Cremonensis
833 1085 949 1140 victoriae

157 1177 258 1230 gnarus,
279 1177 309 1214 ac
329 1178 361 1214 ne
382 1164 489 1214 externa
509 1159 587 1214 moles
610 1159 739 1230 utrimque
762 1160 893 1232 ingrueret
923 1163 946 1217 si

134 1237 244 1292 4Dacns
275 1238 465 1308 Germanusque
489 1237 583 1292 diversi
605 1237 764 1308 irrupissent.
799 1237 889 1303 Affuit,
914 1243 946 1294 ut

157 1331 223 1383 saepe
244 1313 312 1377 alias,
336 1314 440 1367 fortuna
462 1313 549 1384 populi
572 1313 689 1378 Romani,
715 1332 772 1384 quae
794 1314 945 1371 Mucianum

155 1388 272 1457 viresque
284 1389 397 1442 Orientis
409 1389 469 1444 illuc
480 1389 541 1444 tulit
552 1409 558 1454 ;
576 1393 602 1444 et
621 1389 689 1460 quod
701 1391 829 1444 &emona
840 1391 943 1447 iuterim

134 1464 332 1533 atransegimus.
368 1464 490 1518 Fonteius
504 1465 619 1534 Agrippa
635 1484 668 1520 ex
682 1465 745 1520 Asia
762 1467 819 1536 (pro
838 1467 942 1523 consule

156 1557 211 1594 earn
243 1539 397 1608 provinciam
429 1557 514 1594 annuo
544 1540 650 1610 imperio
678 1543 816 1612 tenuerat)
844 1543 943 1600 Moesie

154 1614 306 1685 prepositus
329 1619 377 1676 est,
401 1614 494 1670 additis
518 1617 597 1686 copiis
621 1635 635 1672 e
658 1618 796 1673 Vitelliano
820 1620 941 1686 exercitu,

154 1709 230 1761 quem
249 1691 334 1760 spargi
352 1709 397 1761 per
415 1691 556 1761 provincias
580 1696 607 1748 et
630 1697 736 1748 externo
760 1694 825 1750 bello
850 1695 943 1766 illigari

107 1771 212 1838 47pars
224 1767 322 1822 consilii
334 1767 452 1838 pacisque
469 1771 531 1822 erat.
567 1769 624 1824 Nec
640 1775 738 1826 ceterae
753 1772 869 1826 nationes
885 1772 943 1828 sile-

153 1843 223 1898 bant.
261 1843 351 1898 Subita
362 1861 407 1914 per
418 1844 530 1899 Pontum
548 1863 617 1900 arma
632 1845 767 1902 barbarum
779 1848 939 1919 mancipium,

152 1920 229 1991 regiae
252 1919 379 1991 quondam
402 1921 489 1976 classis
513 1922 655 1992 praefectus,
677 1927 798 1978 moverat.
834 1925 862 1978 Is
886 1925 938 1980 fruit

151 1998 284 2065 Anicetus,
300 1995 443 2052 Polemonis
462 1997 575 2063 libertus,
589 2003 731 2070 praepotens
744 1999 811 2065 olim,
825 2003 859 2065 et,
870 2005 942 2070 post·

152 2093 227 2145 quam
238 2093 345 2146 regnum
357 2073 384 2128 in
395 2073 502 2128 formam
509 2075 643 2144 provincia
655 2079 774 2140 verterat,
787 2077 936 2132 mutationis

128 2151 291 2220 timpatiena.
304 2185 305 2192 κ
327 2151 413 2222 Igitur
422 2151 520 2206 Vitellii
528 2151 629 2206 nomine
637 2151 740 2206 adscitis
750 2152 869 2222 gentibus
881 2171 938 2222 qum

150 2227 262 2282 Pontum
274 2228 398 2291 accolunt,
411 2231 531 2298 corrupto
550 2229 577 2281 in
593 2247 663 2298 spem
675 2229 819 2298 rapinarum
831 2230 939 2299 egentis·

150 2302 213 2359 aimo
226 2321 333 2372 quoque,
346 2302 415 2357 haud
423 2304 565 2359 temnendae
577 2323 666 2358 manus
682 2303 780 2370 ductor,
793 2305 937 2375 trapezun-

149 2379 202 2430 tem
225 2381 328 2431 vetusta
350 2379 418 2431 fama
445 2379 582 2443 civitatem,
607 2399 622 2434 a
650 2381 744 2435 Graecis
774 2381 801 2436 in
824 2385 938 2436 extremo

126 2451 262 2506 aPonticae
290 2471 341 2506 orae
367 2453 501 2520 conditam,
533 2456 632 2510 subitus
659 2456 758 2526 irrupit.
805 2457 877 2512 (lasa
902 2456 938 2512 ibi

148 2527 247 2589 cohors,
270 2527 370 2596 regium
390 2529 512 2584 auxilium
533 2531 610 2596 olim;
637 2550 697 2586 mox
720 2532 808 2587 donati
831 2533 935 2587 civitate

148 2601 264 2656 Romana
281 2603 354 2672 signa
371 2620 489 2673 armaque
510 2607 537 2660 in
557 2611 673 2661 nostrum
687 2607 797 2674 modum,
815 2608 937 2664 desidiam

146 2675 325 2749 licentiaraqne
357 2677 503 2734 (trecorum
529 2682 679 2737 retinebant.
724 2684 805 2738 Olassi
834 2701 936 2754 quoque
