2104 3022
178 105 225 156 202
513 100 633 150 'ruem

755 161 791 211 [A.
802 163 829 202 u.
840 161 862 200 o.
872 160 918 204 aee.
929 160 977 202 roc.

176 214 247 274 leuto
270 214 425 271 tutamento
448 212 583 283 Agricolm,
606 229 656 283 quo
684 210 840 269 coheredem
866 211 978 280 optimae

177 291 254 348 uxori
274 294 301 346 et
319 289 437 361 piissimus
454 289 512 346 olis
530 289 706 346 Domitianum
726 287 835 358 scripsit,
855 287 978 344 letatum

178 384 237 422 eum
249 366 321 422 velut
338 366 434 422 honore
447 365 602 436 judicioque.
639 365 701 421 'lem
719 381 786 420 osca
802 368 829 419 et
849 367 978 434 cormpta

177 460 249 498 mens
267 442 376 496 assiduis
395 441 582 498 adulationibus
606 445 669 506 erut,
687 445 718 496 ut
738 440 847 496 nesciret
868 458 885 496 a
903 440 977 498 bono

177 521 251 588 putre
261 535 314 574 nou
325 518 401 575 scribi
412 517 537 574 haeredem
548 517 599 572 uisi
610 517 703 574 melum
714 516 860 588 principem.

131 593 169 646 44
212 594 299 648 Natus
317 596 373 648 erat
393 593 513 664 Agricola
532 593 594 648 Ouio
615 593 716 650 cesare
735 593 841 648 tertium
858 592 975 658 consule,

104 673 169 758 ⁵inss
177 668 267 724 Idibus
284 669 384 725 Juniis:
407 670 517 724 excessit
536 673 610 726 serto
627 672 655 724 et
671 669 878 739 quiuquagesimo
895 686 977 738 anno,

112 772 134 802 s.
144 742 164 800 ό.
177 743 274 800 docimo
286 744 415 800 Kalendas
428 745 598 815 Septembres,
611 745 715 816 Collega
726 745 865 815 Priaeoque
880 762 976 800 consu·

124 810 251 909 ⁸⁷¹21ibus.
288 820 366 880 Quod
386 821 542 878 sihabitum
558 839 658 892 quoque
679 821 735 891 ejus
752 821 848 891 posteri
865 839 975 878 noscere

177 896 264 962 vebnt,
283 896 412 952 decentior
429 915 505 978 quam
522 897 652 956 sublimior
671 897 736 952 fuit:
761 897 824 952 nibil
840 901 925 952 metus
943 898 975 954 in

177 965 271 1030 rultu;
303 966 386 1035 gratia
408 985 460 1022 orus
483 969 623 1037 supererat.
665 965 766 1022 Bonum
789 966 872 1022 virmu
895 966 973 1024 focile

153 1041 300 1107 teredones,
325 1061 445 1113 magnum
469 1041 584 1098 libenter.
621 1042 658 1096 Et
679 1041 735 1111 ipse
759 1041 868 1112 qudem,
890 1060 974 1112 quun-

178 1136 254 1189 quem
276 1117 360 1174 medio
382 1118 410 1174 in
427 1117 509 1188 spatio
526 1118 633 1190 integre
653 1117 736 1172 statis
759 1121 869 1187 ereptus,
890 1135 974 1188 qusu-

176 1197 234 1250 tum
251 1193 284 1250 ad
301 1193 415 1265 glorium,
431 1194 606 1265 longissimum
622 1212 704 1250 eumn
720 1193 826 1265 peregit.
864 1193 974 1264 Quippe

176 1273 205 1326 et
222 1289 283 1326 vers
299 1269 373 1336 bona
389 1289 446 1341 qus
462 1270 490 1328 iu
504 1270 644 1328 virtutibm
660 1270 711 1325 sita
725 1273 793 1334 sunt,
810 1269 971 1339 impleverat,

177 1349 204 1400 et
216 1346 343 1404 consulari
358 1365 388 1403 ac
403 1347 597 1418 triumphalibus
613 1346 767 1404 ornamentis
783 1345 889 1416 prendite
907 1347 970 1417 quid

152 1421 246 1480 daliud
266 1423 397 1478 adstruere
417 1424 521 1478 fortune
539 1425 660 1494 poterat?
690 1422 789 1492 Opibus
812 1422 896 1480 nimiu
916 1441 972 1478 non

176 1496 321 1566 medebam
350 1499 469 1568 speciosus
493 1500 660 1571 contigerant.
702 1498 768 1554 Filia
789 1502 865 1569 atque
888 1517 969 1556 uxore

176 1573 365 1642 superstitibus,
376 1578 463 1644 potest
474 1575 556 1630 videri
570 1576 646 1630 etiam
663 1575 761 1640 beatus,
778 1575 898 1630 incolumi
912 1575 969 1646 dig·

175 1647 265 1715 nitete‚
285 1648 392 1704 florente
416 1650 491 1717 fama,
512 1650 588 1706 salvis
609 1651 773 1706 affinitatibus
796 1654 822 1706 et
843 1651 968 1718 amicitiis,

152 1723 264 1782 elutum
280 1724 408 1796 effugisse.
444 1726 513 1782 Nem
531 1726 607 1782 sicuti
624 1727 713 1784 durare
728 1728 756 1784 in
770 1728 818 1784 hac
829 1727 968 1784 beatissimi

175 1800 254 1856 seurrli
265 1800 322 1858 luoe
334 1819 363 1858 ac
374 1801 516 1872 principem
527 1803 664 1873 'lrejenum
675 1803 768 1870 videre,
782 1804 850 1874 quod
861 1805 968 1875 augurio

174 1879 292 1950 votisque
310 1878 379 1948 opud
393 1883 497 1934 nostras
514 1897 589 1934 sures
606 1880 772 1945 minabatur,
790 1881 830 1934 ita
842 1881 968 1938 festinetis

174 1955 264 2010 mortis
276 1955 371 2027 grande
388 1955 508 2012 solatium
524 1956 593 2021 tulit,
606 1957 715 2012 evasisse
731 1960 888 2026 postremum
904 1957 969 2014 illud

174 2033 284 2102 tempus,
298 2050 349 2104 quo
361 2033 524 2088 Domitisnus
536 2050 588 2088 non
595 2036 650 2102 jam
661 2051 708 2102 per
723 2032 855 2088 intervallo
870 2051 899 2090 ec
916 2034 967 2103 spi-

174 2113 290 2164 ramenta
311 2113 464 2178 temporum,
488 2109 535 2166 sed
558 2109 679 2164 contiuuo
702 2113 729 2164 et
749 2109 819 2164 velut
839 2127 891 2164 uno
913 2110 967 2166 ictu

126 2196 165 2249 45
175 2185 356 2254 rempublicam
377 2185 504 2242 exlaausit.
541 2185 603 2240 Nou
622 2185 686 2240 vidit
703 2186 823 2256 Agricola
840 2185 965 2242 obsessam

175 2260 271 2314 curiam
283 2266 310 2316 et
327 2260 440 2318 elumum
457 2261 533 2318 armis
548 2264 664 2316 senatum
680 2265 707 2318 et
723 2261 810 2318 eadem
826 2271 910 2332 strege
925 2265 964 2320 iot

175 2336 345 2392 consiliarium
364 2337 453 2403 cedes,
471 2341 513 2394 tot
529 2337 740 2394 uohflissimsrum
757 2337 906 2394 seminarum
920 2356 967 2394 ex·

174 2407 231 2461 silis
242 2414 269 2462 et
281 2411 363 2480 fugas.
400 2414 461 2468 Uns
471 2413 554 2468 adhuc
564 2413 671 2470 uictoria
682 2414 763 2470 Carus
772 2409 870 2470 Metius
882 2432 965 2472 cenae-

175 2479 259 2545 ΜΨ,
284 2487 311 2537 et
337 2486 405 2542 intra
428 2488 553 2544 Albanam
576 2507 660 2544 arcem
687 2489 814 2546 sententia
836 2490 965 2548 Messalini

174 2555 313 2624 strepebat,
325 2563 351 2612 ct
363 2561 455 2622 Messa
470 2563 573 2622 meius
586 2569 642 2634 jrm
657 2569 714 2622 tum
727 2584 786 2622 reus
803 2571 865 2623 eust.
901 2567 964 2626 Mox

173 2633 269 2688 nostrus
293 2630 390 2690 duxere
413 2635 562 2696 Helvidium
583 2640 613 2700 iu
635 2659 761 2702 escuem
783 2660 893 2710 manusr
918 2662 964 2702 uos
