2086 3026
150 78 197 126 168
487 77 608 126 Tncl'rl

784 141 819 188 [a
831 141 862 180 u.
874 141 897 179 c.
908 139 954 180 aar.

150 189 224 244 onius
237 187 332 260 primos
345 186 433 244 Civilis
446 193 553 245 conatus
565 208 613 262 per
631 189 864 245 dissimulationem
880 190 955 244 aluit.

127 266 205 322 2Ubi
217 269 363 338 expugnata
374 271 465 335 castra,
478 267 574 324 deletas
586 269 713 336 cobortes,
725 268 829 338 pulsum
841 268 957 322 Batavo-

151 361 209 398 rum
220 343 304 398 insula
315 343 460 398 Romamn
478 363 571 400 nomen
586 344 680 414 trepidi
697 343 783 398 nuntii
801 343 956 408 afferebant,

152 418 274 475 Munium
298 419 446 490 Lupercum
476 419 590 492 legatum
617 421 651 490 (is
679 421 786 474 duarum
820 419 958 490 legionum

129 495 267 552 &bibernis
279 497 408 567 praeerat)
422 496 510 568 egredi
522 497 646 552 adversus
657 497 758 552 hostem
772 493 862 566 jubet.
900 495 958 550 Lu-

152 589 245 642 percus
265 572 417 644 legionarios
437 591 452 629 e
475 574 652 644 praesentibus,
675 573 758 628 Ubios
779 591 795 626 e
819 571 957 642 proximis,

154 649 321 705 lberercmm
334 652 441 722 equites,
455 652 524 706 haud
538 653 614 723 longe
629 659 742 722 agentes,
759 651 856 722 raptim
874 653 959 705 trans-

153 725 231 791 misit,
245 726 332 782 addita
342 728 499 784 Batavorum
511 728 557 792 ala,
571 747 635 799 qua,
646 729 699 800 jam
711 727 810 798 pridem
822 731 959 798 corrupta,

156 801 231 856 iidem
254 803 397 870 simulabat,
421 809 459 874 ut,
484 805 591 876 proditis
615 805 643 859 in
665 806 721 875 ipsa
742 804 796 858 aeie
820 803 960 870 Romanis,

132 878 251 949 tmajore
274 880 357 950 pretio
380 881 490 952 fugeret.
534 881 622 936 Civilis
648 884 779 952 captarum
808 879 960 935 cohortium

156 955 237 1028 signis
260 955 440 1024 circumdatus,
464 961 495 1014 ut
520 977 566 1014 suo
587 957 663 1013 militi
681 975 770 1012 reeens
789 956 878 1027 gloria
898 961 960 1012 ante

157 1033 251 1098 oculos,
272 1036 299 1088 et
316 1033 404 1089 hostes
422 1035 544 1089 memoria
561 1033 639 1089 cladis
656 1037 824 1098 terrerentur,
843 1037 961 1088 matrem

157 1127 230 1166 auam
253 1126 410 1182 sororesque,
434 1111 512 1166 simul
532 1110 645 1165 omnium
665 1111 786 1181 conjuges
806 1127 960 1181 parvosquo

155 1182 250 1242 liberos
262 1187 401 1242 consistere
413 1205 429 1242 a
439 1190 513 1258 tergo
523 1187 604 1257 jubet,
617 1187 778 1242 hortamenta
786 1185 907 1241 victorin
919 1185 961 1241 vel
1020 1254 1024 1265 Ι

132 1269 149 1316 'd
158 1263 237 1332 pulsis
249 1263 379 1335 pudorem.
410 1264 450 1318 Ut
466 1264 579 1318 virorum
591 1267 675 1328 cantu
689 1262 841 1318 laminarum
853 1263 961 1317 ululatu

158 1339 244 1394 sonuit
256 1341 330 1406 acies,
343 1357 502 1412 nequaquam
513 1358 559 1410 par
571 1358 586 1395 a
598 1339 738 1411 legionibus
755 1338 962 1410 cohortibusque
1020 1360 1024 1373 ·

157 1413 273 1468 redditur
291 1414 391 1470 elamor.
428 1415 579 1471 Nudaverat
596 1416 729 1470 sinistrum
745 1432 827 1470 cornu
844 1415 962 1471 Batavo-

155 1495 216 1543 'rum
228 1489 268 1544 ala
278 1491 459 1563 transfugiens,
473 1493 610 1564 statimque
621 1492 649 1546 in
660 1509 706 1546 nos
718 1509 798 1546 versa
831 1491 887 1545 Sed
898 1492 961 1561 legi-
1028 1499 1029 1528 ³

159 1564 262 1620 suarius
271 1567 351 1635 miles,
359 1587 503 1640 quamquem
512 1569 588 1624 rebus
600 1567 714 1639 trepidis,
724 1585 794 1622 arma
801 1566 961 1639 ordinesque

132 1641 152 1699 ‘6
160 1642 294 1700 retinebat.
330 1646 458 1702 Ubiorum
469 1647 688 1718 lbererorumque
700 1645 801 1713 auxilia,
812 1645 885 1700 foeda
897 1647 961 1718 iuga

160 1718 280 1790 dispersa,
297 1723 359 1778 totis
376 1724 470 1795 eampis
487 1725 613 1796 peluntur.
651 1722 717 1778 Illuc
734 1721 875 1777 incubuere
896 1724 961 1778 Ger·
1028 1781 1029 1784 Ἴ

159 1798 242 1864 maui3
261 1802 288 1854 et
309 1799 359 1855 fuit
382 1801 485 1856 interim
509 1801 632 1872 effugium
654 1799 796 1871 legionibus
819 1799 849 1853 in
872 1803 961 1855 castra

137 1875 252 1946 rquibua
264 1877 387 1933 Veterum
400 1895 492 1932 nomen
504 1881 552 1933 est.
588 1877 729 1932 Praelectns
741 1876 786 1931 aba
798 1875 961 1931 Batavorum

161 1952 280 2010 Claudius
296 1953 390 2020 Labeo,
403 1952 530 2024 oppidano
548 1953 686 2009 certamine
698 1952 803 2008 remmus
820 1951 909 2018 Civili,
928 1970 961 2007 ne

160 2028 312 2087 interfectus
324 2030 444 2087 invidiam
457 2029 526 2100 apud
536 2029 681 2101 populares,
694 2028 742 2094 vel,
756 2027 778 2083 ai
789 2027 960 2094 retineretur,

160 2109 257 2164 semina
268 2107 399 2165 discordia
411 2107 543 2179 praeberet,
556 2107 584 2161 in
595 2106 691 2161 Frisios
704 2105 828 2160 avehitur.

116 2188 151 2244 19
196 2185 292 2242 Iisdem
305 2185 394 2240 diebus
402 2185 559 2240 Batavorum
571 2186 597 2238 et
610 2181 816 2237 Canninefatium
828 2181 961 2246 cohortes,

161 2275 221 2314 curn
235 2261 309 2330 jussu
323 2261 422 2317 Vitellii
433 2261 461 2317 in
472 2259 562 2316 urbem
577 2263 725 2331 pergerent,
736 2258 830 2312 missus
847 2275 864 2311 a
876 2258 962 2313 Civile

161 2336 267 2390 nuntias
280 2338 431 2406 assequitur.
462 2338 613 2392 Intumuere
623 2336 711 2392 statim
722 2333 841 2406 superbia
853 2333 962 2389 ferocia
1028 2339 1029 2342 ’

154 2421 219 2478 que,
237 2413 264 2462 et
278 2411 389 2477 pretium
401 2413 499 2466 itineris
512 2412 668 2474 donativum,
682 2411 776 2481 duplex
793 2410 960 2480 stipendium,

163 2483 252 2548 augeri
275 2483 391 2548 equitum
410 2501 551 2549 numerum,
576 2487 702 2555 promissa
722 2503 783 2540 sane
804 2503 820 2538 a
843 2485 960 2550 Vitellio,

163 2552 334 2620 postulabant,
345 2569 397 2605 nou
408 2559 439 2606 ut
451 2563 654 2626 assequerentur,
664 2560 710 2614 sed
718 2577 821 2614 causam
830 2559 960 2614 seditioni.

142 2625 201 2676 aut
214 2625 320 2679 Flaccus
329 2625 413 2678 multa
422 2629 581 2686 coneedendo
593 2633 656 2688 nihil
668 2634 738 2689 aliud
745 2635 872 2700 effecerat,
883 2653 961 2704 quarn
1028 2669 1029 2672 =
