2086 3026
159 155 208 205 att
495 153 621 205 raom

796 216 832 265 [Δ.
841 215 871 258 U.
880 214 903 256 ⁰.
913 215 962 258 sn.

158 265 273 340 quesitis
285 264 329 338 qui
340 263 369 321 in
379 265 492 322 Pontum
507 266 646 332 numerent,
658 264 791 336 cognoscit
806 264 897 322 urbem
909 265 965 322 illis

159 344 278 416 Sinopen,
289 360 337 400 nec
348 342 438 414 procul
452 342 587 414 templum,
598 346 686 398 vetere
696 342 765 398 inter
776 341 875 398 accolas
886 342 966 410 mma,

157 421 230 477 ioris
249 421 334 476 Ditis:
353 437 463 492 namque
481 423 509 475 ct
528 419 678 475 muliebrem
696 419 807 490 effigiem
827 417 963 485 adsbtere,

133 509 234 570 squam
253 497 367 569 plerique
388 496 568 568 Proserpinam
587 499 689 551 vocent.
725 493 777 550 Sed
796 495 964 561 Ptolomeus,

156 579 187 630 ut
212 578 274 629 sunt
298 573 401 644 ingenia
425 591 524 644 regum,
548 590 645 644 pronus
670 571 703 626 nd
727 571 898 637 formidinem,
917 571 965 628 ubi

156 651 280 707 securitas
294 649 378 714 rediit,
391 649 554 720 voluptatum
569 667 645 721 quem
659 648 811 720 religionum
827 654 963 720 appetens,

156 727 286 799 negligere
302 727 433 797 paulatim,
453 727 566 798 sliesque
581 726 615 782 ad
630 744 705 782 curus
721 725 835 780 animum
850 731 963 793 vertere,

156 803 236 859 donec
248 802 334 858 endem
348 804 445 874 species
454 803 593 859 terribilior
602 804 656 875 jem
664 807 691 858 et
703 802 840 858 instantior
851 804 965 860 exitium

134 881 206 952 tipsi
223 897 353 952 regnoque
369 880 541 946 denuntiaret,
554 880 582 934 ui
595 883 670 950 jussa
684 882 855 950 patrarentur.
895 880 965 936 'llum

157 957 255 1029 legatos
265 961 292 1012 et
304 956 370 1011 dona
380 955 583 1028 Scydrothemidi
592 956 648 1027 regi
658 956 691 1025 (is
701 959 765 1011 tune
775 956 964 1026 Sinopensibus

156 1034 338 1106 imperitabat)
348 1033 463 1104 expediri
470 1033 560 1105 jubct3
578 1032 750 1103 precepitque
757 1032 919 1103 navigaturis
932 1037 964 1090 ut

134 1111 292 1183 erythream
305 1110 445 1182 Apollinem
457 1109 556 1164 adeunt.
593 1109 649 1164 Illis
660 1126 730 1164 mare
742 1108 893 1178 secundum,
905 1128 964 1166 sors

156 1189 251 1243 oraculi
271 1187 340 1242 bend
363 1186 496 1258 ambigue:
517 1191 535 1215 “
542 1186 619 1249 irent,
642 1184 856 1256 simulacrumque
878 1188 963 1257 petris

112 1265 197 1319 84sui
208 1265 367 1329 reveherent,
387 1262 482 1318 sororis
498 1262 698 1334 relinquerent.”
733 1262 773 1318 Ut
791 1261 906 1332 Sinopen
917 1281 962 1319 re-

156 1359 224 1405 nere,
245 1357 357 1405 munera,
383 1357 479 1410 preces,
501 1337 622 1394 mandate
644 1338 713 1410 regis
737 1337 778 1393 sui
802 1338 962 1408 Scydrothe-

156 1416 219 1469 midi
238 1416 357 1486 ullegeut.
394 1416 448 1475 Qui
464 1433 554 1470 versus
570 1414 649 1469 animi
668 1413 745 1469 modo
759 1433 855 1469 numen
869 1433 960 1486 peres·

156 1507 221 1554 cere,
235 1491 310 1544 modo
323 1491 398 1546 minis
411 1491 569 1547 edvemantis
581 1491 669 1562 populi
681 1491 787 1558 terreri3
805 1509 874 1563 sepe
884 1492 959 1549 donis

133 1566 339 1636 2pmmissisqne
366 1566 509 1637 legatorum
534 1567 694 1623 flectebatur.
742 1569 829 1639 Atque
852 1569 959 1624 interim

155 1641 266 1697 triennio
287 1645 385 1706 eructo,
407 1643 563 1700 Ptolemaeus
583 1662 637 1698 non
656 1643 778 1712 studium,
794 1661 848 1700 non
867 1663 958 1716 preoes

156 1716 282 1773 omittere.
325 1718 487 1789 Dignitatem
510 1720 661 1791 legatorum,
684 1738 818 1776 numerum
843 1723 955 1784 nuvium,

132 1794 213 1852 tauri
230 1793 331 1864 pondus
354 1795 473 1866 sugebat.
509 1797 575 1851 Tum
595 1798 683 1852 minux
699 1796 777 1852 tucis
799 1797 955 1870 Scydrothe-

154 1872 216 1927 midi
228 1871 343 1939 offertur,
354 1889 387 1926 ne
400 1871 529 1928 destinate
539 1872 588 1928 dcc
599 1873 669 1928 ultro
685 1877 835 1929 moraretur.
872 1875 957 1930 Onno-

154 1954 253 2006 tantem
270 1948 341 2004 veria
361 1949 493 2020 pernicies,
513 1949 645 2021 morbique
665 1953 693 2006 et
712 1950 850 2005 manifesta
869 1951 956 2008 celer·

153 2028 220 2082 tium
231 2026 277 2094 ire,
293 2026 445 2097 graviorque
462 2025 490 2080 in
506 2025 560 2080 dies
576 2025 710 2097 iotigebat.
746 2025 880 2082 Advocato
895 2045 956 2084 oon·

154 2104 227 2158 cicne
242 2107 319 2174 jussu
336 2102 456 2168 numinis,
478 2119 539 2157 snos
558 2102 741 2173 Ptclcmoeique
762 2102 841 2168 mens
866 2103 956 2175 ingru-

132 2180 224 2236 4entis
240 2179 307 2234 male
324 2179 436 2250 exponit.
473 2179 576 2250 Vulgus
594 2178 706 2234 eversuri
726 2196 820 2250 regern,
840 2179 955 2236 invidere

154 2255 280 2324 Aigypto,
294 2255 343 2310 sibi
354 2260 469 2310 metuere
481 2255 655 2326 templumque
667 2255 859 2311 circumsedere.
896 2257 956 2312 Mn·

149 2332 194 2394 jor
219 2327 279 2380 binc
302 2331 371 2384 ieme
393 2331 508 2396 tradidit,
533 2331 609 2385 deum
633 2331 718 2401 ipsum
742 2331 861 2402 appulsae
883 2333 956 2390 litori

153 2415 231 2450 neves
249 2406 341 2464 sponte
358 2406 543 2460 conscendisse.
579 2405 677 2459 Mirum
700 2406 760 2461 inde
777 2407 857 2474 dictu,
875 2411 956 2465 tentio

153 2469 195 2521 die
221 2472 323 2521 tantum
349 2477 426 2528 meris
453 2480 550 2532 emensi
576 2479 754 2536 Alexandriam
782 2483 955 2552 uppelluntur.

131 2539 350 2606 ⁶T0¹1¹Pl¹¹ml>10
370 2550 546 2614 magnitudine
566 2554 637 2608 urbis
657 2560 818 2611 exstructum
836 2558 894 2612 loco
912 2561 955 2615 cui

152 2627 245 2696 1¹0J¹¹9¹¹
256 2610 388 2667 Rhflffliss
424 2619 520 2677 Fuerat
535 2626 587 2681 illie
604 2629 724 2684 secudum
742 2631 859 2700 Ser-epidi
874 2640 955 2705 utque

151 2683 218 2737 Isrdr
234 2685 376 2752 antrquntus
391 2696 526 2750 secretum,
563 2700 629 2756 an
640 2703 673 2757 d„
688 2705 787 2776 origine
797 2709 826 2762 ,ι
841 2707 953 2766 „dmm
