2086 3026
306 125 502 176 GERMANIA
529 125 631 174 le-la
819 126 867 176 2⁸⁹

70 236 146 293 modo
168 255 185 292 a
208 237 317 308 ongum
340 237 386 294 sed
408 237 509 310 publice
531 236 681 300 mittuntur,
701 232 777 288 electi
799 235 866 321 equi,

69 331 161 385 magua
178 331 254 378 arma,
278 313 387 384 phalera
405 317 568 386 torquesque.
603 311 664 366 Jam
686 312 713 366 ct
733 311 864 380 pecuniam

69 390 396 534 mollicellsdllceffiorum
410 466 510 538 populis
525 464 602 521 urbes
617 462 689 519 habit
677 465 728 518 tan
720 462 803 518 ratis
820 480 863 518 uo
875 465 911 522 16

67 543 124 597 tum
135 546 190 608 est3
207 560 241 597 ne
249 543 304 613 pati
312 542 414 614 quidem
422 543 490 598 inter
501 560 529 598 ee
534 542 639 612 junctas
648 539 729 594 sedes.
766 538 863 595 Colunt

67 618 170 674 disereti
179 635 209 674 ec
218 617 320 686 diversi,
331 622 361 674 ut
372 619 439 684 fons,
448 624 479 675 ut
491 635 603 690 campus,
614 619 644 672 ut
655 633 745 670 nemus
757 614 861 686 placuit.

68 695 145 750 Vince
156 695 242 750 locant
253 713 306 750 uon
317 695 344 750 in
359 698 477 750 nostrum
491 712 595 762 morem,
607 692 730 748 connexis
741 695 769 746 et
781 691 886 748 colat

65 771 180 828 rentibus
192 771 318 826 edituis:
337 789 410 826 suam
424 771 531 842 quisque
544 769 646 824 domum
658 767 742 839 spatio
754 767 862 822 cneum

66 846 117 911 dat,
136 847 190 902 sive
207 847 329 902 adversus
345 865 419 902 casus
438 847 506 916 ignis
521 844 668 908 remedium,
685 844 739 898 sive
757 843 861 898 inscitia

65 922 210 979 [edificandi.
246 924 288 978 Ne
313 925 493 978 crementorum
517 920 618 991 quidem
641 919 710 988 apud
732 918 789 972 illos
814 923 884 977 aute

64 999 209 1069 tegularum
225 1017 304 1054 usus:
322 997 429 1052 materia
442 996 475 1051 ad
489 997 573 1050 omnia
586 999 697 1050 utuntur
708 995 818 1059 informi,
832 1001 859 1050 et

64 1075 129 1130 utra
149 1076 259 1146 speciem
279 1076 324 1127 eut
344 1071 544 1127 delectationem.
581 1069 704 1130 Quodam
723 1070 780 1123 loca
803 1069 860 1126 dili-

62 1151 167 1220 gentius
178 1150 280 1204 illinunt
289 1151 359 1202 terra
370 1147 408 1202 ita
416 1165 480 1217 pura
489 1165 518 1202 eo
527 1145 684 1218 splendente,
693 1149 723 1200 ut
733 1145 860 1215 picturam

62 1225 257 1280 aclineamenta
265 1223 378 1278 colorum
386 1222 509 1280 imitetur.
546 1222 633 1277 Solent
643 1225 670 1276 et
679 1222 884 1278 subterraneum

62 1319 156 1370 specus
168 1300 273 1372 aperire,
286 1317 380 1371 eosque
391 1299 473 1355 multo
484 1299 589 1370 insuper
606 1299 665 1354 fimo
677 1301 791 1362 onerant,
806 1298 859 1352 suf-

61 1377 162 1448 fugium
186 1377 264 1432 hiemi
281 1380 308 1432 et
325 1376 513 1447 receptaculum
529 1375 654 1448 frugibus,
673 1375 731 1446 quia
748 1373 857 1446 rigorem
875 1417 877 1428 .

60 1454 185 1526 frigorum
201 1449 326 1524 ejusmodi
337 1453 399 1508 locis
414 1452 540 1508 molliunt.
575 1453 611 1509 ut
624 1451 647 1508 si
658 1449 759 1522 queudo
775 1451 881 1508 hostiso

60 1530 171 1596 advenit,
184 1535 272 1602 aperta
287 1529 431 1601 populetur,
449 1529 535 1586 abdita
550 1532 636 1586 autem
652 1535 679 1584 et
694 1527 795 1584 defessa
811 1531 856 1584 aut

59 1606 218 1677 gnormtur,
231 1611 276 1662 aut
288 1625 319 1662 eo
330 1607 385 1678 ipso
397 1607 489 1662 fallunt
502 1606 571 1678 quod
582 1604 717 1677 querende
728 1611 797 1660 aurit.

94 1683 225 1754 Tegumen
244 1683 360 1740 omnibus
376 1701 466 1754 sagum
481 1683 560 1738 fibula
575 1686 627 1748 aut,
650 1682 672 1738 si
691 1681 765 1746 desit,
783 1681 855 1752 spina
866 1681 902 1742 17

59 1762 219 1814 consertum:
238 1762 331 1814 cetera
341 1759 431 1814 intecti
446 1763 516 1815 totos
528 1759 582 1814 dies
592 1760 670 1830 juxta
681 1758 766 1814 locum
778 1765 855 1828 atque

56 1834 145 1905 ignem
156 1837 245 1904 agunt.
280 1835 486 1904 Locupletissimi
500 1840 572 1890 veste
589 1835 790 1903 distinguuntur,
803 1851 855 1888 nou

56 1911 184 1974 fluitante,
197 1909 265 1964 siout
277 1910 398 1966 Sarmatae
416 1928 446 1965 ac
457 1911 555 1974 Parthi,
569 1910 614 1964 sed
626 1911 717 1965 stricta
728 1913 755 1963 et
767 1909 854 1978 siugu-

56 1985 177 2041 losurtm
186 1985 351 2055 exprimente
385 1985 640 2040 Gerontetferarum
648 1984 877 2055 pelles,proximi2

55 2069 119 2140 ripae
127 2067 294 2139 negligenter,
304 2067 438 2123 ulteriores
450 2069 608 2140 exquisitius,
618 2072 649 2122 ut
663 2066 757 2138 quibus
765 2066 853 2122 nullus

58 2163 105 2217 per
116 2146 268 2200 commercia
279 2145 372 2201 cultus.
408 2144 517 2216 Eligant
527 2145 603 2214 ieras,
620 2149 647 2200 et
659 2145 775 2200 detracta
786 2143 854 2198 vela·

55 2221 126 2275 mina
143 2225 268 2292 spargunt
279 2221 385 2277 maculis
397 2221 556 2294 pellibusque
572 2221 721 2290 belluarum,
734 2237 797 2291 quas
809 2237 853 2274 ex-

10 2305 11 2326 ³
55 2297 136 2352 terior
149 2297 267 2352 Oceaum
279 2302 356 2369 atque
374 2298 493 2370 ignotum
510 2317 580 2354 mare
591 2298 683 2370 gignit.
719 2297 777 2352 Nee
788 2295 874 2359 aliurn

56 2372 159 2428 seminis
177 2391 254 2444 quam
271 2375 333 2430 uiris
350 2375 460 2440 habitus,
479 2375 530 2430 uisi
547 2375 616 2446 quod
637 2374 738 2430 feminae
759 2373 851 2444 sepius

10 2487 11 2494 ι
54 2448 128 2504 lineis
147 2449 282 2506 amictibus
297 2451 420 2519 velantur,
432 2469 528 2522 eosque
546 2470 663 2523 purpura
674 2451 781 2518 vomant,
793 2468 851 2520 per·

53 2529 158 2596 temque
175 2527 286 2582 vestitus
306 2528 443 2598 superioris
458 2528 486 2584 in
502 2529 613 2584 manicas
629 2547 682 2584 non
698 2526 849 2592 extendunt,

53 2601 130 2657 nuda
142 2601 247 2658 brachiu
258 2621 288 2659 ac
299 2603 423 2671 lacertos,
443 2603 487 2660 eod
500 2608 528 2660 et
539 2605 657 2676 proxima
667 2623 727 2676 pars
736 2601 850 2675 pectoris

51 2682 134 2746 petet.
169 2678 324 2752 Quanquam
340 2699 428 2738 severa
444 2681 498 2738 illic
513 2683 682 2752 rnetrimoeia‚
700 2699 747 2736 neo
770 2679 891 2740 ullam18
