2070 3204
176 173 207 224 to
510 171 630 223 neem

805 236 842 286 [A.
851 235 878 275 u.
888 235 910 275 o.
919 227 967 276 ert.

174 305 267 358 eorpus
279 288 347 340 sture
355 301 384 340 ae
396 283 482 340 librari
494 285 548 340 sine
560 288 659 340 rectore
667 287 762 356 posset,
773 283 865 356 dignus
874 302 944 338 eram
951 301 969 336 a

175 381 226 434 quo
235 381 276 418 res
288 361 389 433 publicu
400 361 538 432 inciperet:
557 379 625 416 nuuc
637 379 667 416 eo
679 361 840 416 necessitatis
851 361 903 432 jum
916 359 968 430 pri·

176 440 234 494 dem
245 443 349 494 ventum
362 441 409 503 est,
422 441 453 492 ot
469 456 516 492 nec
527 456 584 492 mea
595 442 713 492 senectus
725 438 841 492 conferre
852 437 911 508 plus
923 453 969 506 po-

175 515 236 584 pulo
248 515 365 569 Romano
377 514 459 585 possit
471 531 547 584 quam
558 513 654 568 bonum
666 529 844 578 successorem,
857 530 905 567 nee
920 516 970 566 tua

151 591 233 660 2plus
247 591 351 661 juventu
365 609 440 660 quem
456 589 551 644 bonum
567 589 713 660 principem.
752 589 805 644 Sub
820 589 922 644 Tiberio
940 592 970 643 et

176 666 238 720 Caio
250 670 277 720 et
293 666 399 720 Claudio
413 666 489 720 unius
506 665 607 720 iamiliee
625 666 698 736 quasi
715 665 843 720 hereditas
855 665 968 719 fuimus:

152 741 231 796 tloco
242 741 366 796 libertatis
379 743 428 796 erit
440 741 508 812 quod
517 741 577 812 eligi
588 743 717 812 coepimus.
753 741 970 796 EtfiuitaJulio-
1030 757 1031 780 ³

175 835 233 872 rum
253 817 466 888 Claudiorumque
483 817 558 872 domo
578 819 703 888 optimum
720 835 845 889 quemque
863 817 969 887 adoptio

150 893 294 952 ainveniet.
330 894 398 948 Num
414 893 530 964 generari
546 897 573 948 et
591 895 662 949 nesci
678 913 693 948 a
708 894 864 964 principibus
876 893 969 948 fortui-

96 1006 98 1010 -
174 973 238 1034 tum,
263 988 311 1025 uec
331 970 399 1024 ultra
422 969 578 1024 aestimatur:
598 969 734 1040 adoptandi
755 970 879 1041 judicium
902 970 968 1024 inte·

151 1051 266 1117 tgrum;
284 1051 311 1101 et
320 1047 343 1102 si
351 1046 413 1103 velis
423 1046 523 1116 eligere,
532 1063 655 1100 consensu
663 1051 827 1101 monstretur.
858 1047 897 1100 Sit
907 1049 968 1102 ante
1030 1091 1031 1116 p

175 1123 262 1178 oculos
275 1123 354 1192 Nero,
367 1141 443 1194 quem
454 1122 531 1193 longa
544 1123 673 1177 Caesarum
685 1123 750 1177 serie
761 1127 903 1177 tumentem
914 1141 969 1178 non

175 1199 277 1256 Vindex
289 1219 347 1256 cum
358 1199 450 1254 inermi
462 1198 591 1268 provincia
608 1203 653 1252 aut
665 1217 713 1270 ego
726 1218 784 1254 cum
795 1217 847 1253 une
858 1199 967 1270 legione,

173 1277 220 1331 sed
238 1295 285 1331 sua
300 1276 451 1338 immunitos,
465 1291 512 1327 suu
528 1273 629 1328 luxurie
644 1275 782 1330 cervicibus
801 1275 906 1346 publicis
924 1274 969 1329 de-

174 1351 312 1421 pulerunt3
330 1368 413 1420 neque
431 1353 485 1404 eret
504 1349 586 1406 adhuc
605 1351 716 1406 damnati
740 1352 860 1422 principis
884 1370 970 1406 exem-

151 1427 252 1498 6plum.
298 1427 357 1501 Nos
380 1424 447 1480 bello
470 1429 497 1480 et
521 1425 552 1481 ab
576 1427 761 1483 estimantibus
789 1427 880 1483 adsciti
907 1446 971 1483 curn

174 1502 276 1568 invidia,
296 1502 410 1574 quamvis
428 1501 532 1572 egregii,
551 1503 653 1559 crimus.
690 1505 732 1559 Ne
749 1507 836 1558 tamen
859 1505 970 1560 territus

172 1580 260 1646 fueris,
285 1579 308 1634 si
331 1579 387 1634 duae
410 1579 523 1648 legiones
546 1579 574 1634 in
596 1581 645 1636 hoc
666 1581 782 1636 concussi
805 1580 873 1635 orbis
894 1585 971 1637 motu

151 1657 287 1719 tuendum
308 1657 448 1728 quiescunt.
485 1656 528 1710 Ne
548 1657 603 1728 ipse
624 1658 725 1730 quidem
746 1659 779 1714 ad
799 1677 901 1714 securas
925 1678 969 1715 res

175 1735 284 1800 uecessi3
303 1737 329 1789 et
342 1732 429 1788 audita
440 1731 575 1802 adoptione
585 1733 698 1789 desinam
707 1735 787 1790 videri
799 1754 884 1801 senex,
898 1735 970 1806 quod

150 1825 242 1872 snunc
260 1811 322 1864 milri
344 1827 424 1862 unum
447 1807 575 1878 objicitur.
612 1811 683 1866 Nero
705 1812 847 1882 spessime
866 1829 969 1883 qnoque

175 1904 274 1956 semper
291 1883 489 1940 desiderabitur:
509 1883 572 1939 mihi
595 1904 624 1942 ae
647 1887 696 1942 tibi
718 1887 903 1958 providendum
926 1890 968 1942 est

150 1977 206 2025 ene
224 1963 300 2017 etium
318 1980 334 2016 e
351 1960 424 2016 bonis
442 1958 608 2018 desideretur.
643 1963 751 2018 Monere
769 1964 865 2019 diutius
883 1965 967 2034 neque

172 2039 294 2111 temporis
306 2039 390 2110 hujus,
403 2042 430 2092 et
446 2039 579 2110 impletum
597 2042 637 2094 est
655 2057 729 2094 omne
743 2041 882 2105 eonsilium,
902 2040 925 2095 si
939 2044 967 2095 tc

134 2123 164 2170 10
173 2115 237 2172 bene
249 2117 321 2188 elegi.
359 2117 518 2174 Utilissimus
535 2116 603 2172 idem
615 2133 644 2170 ae
662 2115 826 2172 brevissimus
841 2117 968 2172 bonerum

172 2194 345 2264 meluurmque
372 2213 458 2251 rerum
484 2194 599 2250 delectus
626 2196 673 2257 est,
699 2193 811 2263 cogitare
835 2193 897 2262 quid
920 2196 967 2249 aut

133 2275 161 2321 ll
172 2268 281 2324 volueris
299 2270 347 2324 sub
366 2271 415 2326 alio
432 2271 545 2343 principe
564 2272 609 2324 eut
626 2269 746 2324 nolueris.
782 2268 875 2336 Neque
896 2269 966 2325 enim

172 2344 221 2408 hic,
235 2349 265 2398 ut
273 2344 393 2414 gentibus
403 2365 459 2416 quae
467 2349 615 2416 regnantur,
625 2349 696 2399 certa
707 2343 866 2397 dominorum
875 2342 965 2401 domus

172 2423 199 2476 et
211 2419 290 2474 ceteri
308 2421 389 2472 servi:
409 2421 454 2474 sed
468 2423 640 2490 imperaturus
656 2439 683 2475 es
700 2418 844 2474 hominibus
862 2421 966 2490 quince

172 2499 254 2551 totam
268 2494 421 2548 servitutem
439 2496 494 2566 pati
511 2499 619 2566 possunt
630 2513 678 2551 nec
694 2498 775 2550 totam
793 2494 963 2552 libertatem.”

133 2572 208 2630 mut
228 2570 310 2625 Galba
330 2570 431 2640 quidem
455 2572 509 2626 hec
534 2589 563 2627 ac
587 2571 655 2638 telia,
680 2575 802 2643 tauquam
824 2574 964 2644 principem

127 2647 275 2712 miseeret,
289 2647 368 2702 ceteri
383 2651 505 2718 tanquam
521 2666 580 2703 oum
593 2647 663 2703 facto
678 2648 855 2719 loquebantur.
892 2649 964 2703 Piso·

172 2740 230 2778 nem
253 2723 342 2779 serunt
367 2723 455 2779 stetim
478 2723 646 2795 intuentibus,
669 2729 696 2780 et
716 2743 777 2781 mox
797 2725 963 2797 conjectisin
