2096 3038
78 172 193 220 ΛΟΜ]
252 91 871 164 rrrsronrsnusrrrr.1e-m.1ro

79 223 167 292 oopiss
179 224 323 294 eoetereque
333 241 394 280 usm
385 223 533 281 ellstnros.
557 221 591 280 Id
599 238 660 279 vero
671 237 739 294 tegre
746 219 871 278 tolersnte
878 221 917 289 21

78 299 168 364 milite,
180 316 259 370 prope
271 300 421 358 seditionem
436 304 548 366 ventum,
561 317 620 356 οιιιιι
631 297 759 369 progressi
772 297 872 368 equites

78 374 154 432 sub
146 393 202 446 rpsu
224 376 316 432 moenis
332 395 411 448 vegos
430 395 463 432 ex
485 373 698 433 (tremonensrtus
721 373 870 444 surripiunt,

78 468 188 522 quorum
207 451 302 508 iudioio
318 453 433 510 nosoitnr
450 471 496 510 sex
512 451 663 508 Vitellinuss
680 449 801 522 legiones,
819 467 871 504 om-

77 543 187 598 nemque
210 528 351 586 exeroitum
375 529 420 600 qui
441 528 561 586 Hostilio
584 530 679 599 egeret,
700 543 731 582 eo
754 527 810 598 ipso
830 525 871 582 die

76 603 186 674 triginta
208 604 286 660 millia
308 622 430 675 pessume
452 623 589 670 emensum,
613 605 744 674 oomperts
766 619 870 658 snorum

77 678 150 736 elude
172 680 201 736 in
222 680 336 751 prolium
360 681 457 752 ueoingi
480 698 510 738 ιο
530 681 583 750 jem
606 679 692 734 effere.
735 678 764 734 Is
786 681 893 734 tsrmr²

78 755 223 818 obstrnotes
250 760 348 814 mentes
375 756 485 812 eonsiliis
514 755 586 812 duois
614 753 720 825 speruit.
774 753 870 810 Sistere

77 831 181 894 tertiam
192 831 315 888 deoimem
326 832 450 904 legionem
461 831 555 902 inipso
567 831 614 886 rim
625 829 765 900 Postumio
776 847 870 903 aggere

74 907 157 978 jubet,
170 909 212 964 oni
222 909 312 979 junets
323 926 339 962 e
350 908 413 964 laevo
422 907 531 978 septime
542 905 664 962 Gnlbisne
674 905 773 976 petenti
781 921 870 976 eampo

77 983 160 1047 stetit,
177 983 236 1038 dein
253 984 362 1054 septimo
376 982 522 1049 Claudium,
539 981 632 1053 agresti
649 981 718 1036 fosse
735 981 783 1051 (ita
798 981 869 1038 loeus
955 1005 960 1012 ·

77 1060 153 1127 ersis)
166 1059 330 1129 premerem
349 1058 439 1114 dextro
454 1061 545 1114 ooteve
561 1075 607 1127 per
622 1061 739 1128 opertum
753 1057 868 1124 limitem,

77 1151 139 1196 mox
156 1133 233 1190 tertis
249 1133 334 1189 demis
352 1133 462 1190 arbustis
480 1133 627 1204 mosoma„
663 1132 715 1188 Hie
729 1132 891 1202 aquilarum!

78 1209 259 1280 signorumque
276 1209 354 1266 ordo:
373 1209 466 1266 milites
484 1209 558 1266 mixti
573 1225 618 1279 per
629 1206 754 1276 tenebras,
772 1211 802 1263 nt
816 1208 869 1265 fors

77 1285 188 1351 tuleret;
218 1285 398 1356 praetorianum
425 1284 545 1343 vexillum
573 1283 717 1355 proximum
744 1283 868 1350 tertianis

77 1361 196 1416 eohortes
208 1361 358 1417 auxiliorum
370 1361 398 1418 in
408 1361 544 1428 eornibus3
562 1359 643 1418 lutere
654 1377 684 1416 ιο
695 1363 768 1432 terga
783 1360 869 1432 equite

77 1436 247 1505 eironmdeta3
267 1437 327 1494 Sido
344 1441 421 1509 atque
438 1437 551 1502 Italicus,
574 1436 658 1502 Saevi,
683 1453 740 1491 eum
764 1435 868 1492 delectis

77 1512 236 1583 popularium
248 1513 351 1584 primori
360 1514 387 1568 in
398 1513 451 1569 soie
459 1512 634 1570 versabantur.
670 1513 707 1568 At
716 1511 867 1568 Vitellianus
875 1517 913 1588 22

78 1589 204 1660 euemitns
217 1590 271 1658 (oui
282 1590 440 1662 acquiescere
453 1589 591 1658 cremone,
601 1592 636 1655 et,
645 1589 799 1660 reeuperatis
811 1589 867 1645 eibo

78 1682 215 1736 somnoque
227 1665 330 1732 viribus,
343 1665 486 1722 oonieetum
495 1665 581 1737 algore
593 1669 669 1736 etque
677 1665 761 1721 inedia
768 1665 867 1720 hostem

77 1744 180 1811 postem
196 1740 237 1796 die
254 1742 387 1812 prodigere
405 1759 434 1797 ιο
451 1759 571 1813 proruere
590 1741 655 1796 retio
676 1741 745 1811 tuit)
765 1740 867 1812 indigns

78 1816 212 1881 rectoris,
204 1834 277 1886 rnops
289 1817 396 1883 oonsilii,
411 1818 489 1874 tertie
502 1818 582 1874 ferme
596 1821 656 1874 noot
644 1817 755 1874 thomis
771 1817 867 1888 peratis

75 1889 138 1978 jem
148 1891 327 1962 dispositisque
344 1893 471 1949 lissienis
488 1894 645 1966 impingitur
681 1893 803 1949 Ordinem
823 1903 890 1965 reg-2

79 1966 154 2020 minis
178 1965 278 2037 disjecti
300 1986 346 2038 per
369 1969 432 2024 irem
456 1986 486 2024 ιο
508 1967 626 2024 tenebras
650 1986 793 2024 asseverare
816 1986 868 2024 non

78 2041 167 2107 susim,
180 2059 323 2113 qumqmm
334 2043 377 2099 elii
387 2043 538 2131 tradiderint
550 2047 666 2118 quartum
677 2041 868 2100 Meoedonionm

79 2115 169 2172 dextro
192 2134 296 2176 suornm
315 2136 401 2184 cornu,
422 2119 495 2190 quint
496 2137 536 2174 am
555 2122 582 2174 et
603 2118 717 2189 quintam
737 2117 866 2185 decimam,

78 2210 136 2264 oum
147 2192 245 2249 vexillis
257 2211 330 2250 nonae
346 2193 513 2266 secundoque
530 2197 557 2253 et
573 2193 698 2250 vicesimo
711 2193 867 2250 Bnteonioe

77 2288 133 2324 rum
145 2268 281 2340 legionum,
293 2269 401 2326 medium
417 2269 503 2339 oriem,
519 2269 734 2328 sextadecimanos
749 2269 869 2328 duodevi-

78 2345 266 2416 oesimenosque
289 2350 316 2402 et
340 2345 467 2418 primanos
498 2345 590 2416 levum
613 2363 692 2402 eornn
720 2346 866 2417 eompltsse

80 2421 192 2493 Rspeoes
205 2425 281 2493 etque
293 2421 378 2480 Itnlioi
389 2407 506 2478 omnibus
518 2441 546 2478 se
557 2421 691 2492 munipuiis
704 2422 889 2486 metuemus

79 2495 162 2569 sque
186 2498 329 2588 suxilioque
352 2498 473 2570 sibiipsi
498 2497 582 2556 Ιοοιιιι
609 2497 700 2570 legere
747 2498 867 2560 Proeliunr

78 2576 133 2630 tote
158 2578 233 2631 noote
260 2592 494 2648 venumsnoeps,
522 2573 793 2651 attemperatum
817 2573 867 2644 illis

79 2637 212 2724 sptisbile.
248 2651 322 2722 Nihil
339 2650 438 2726 enimus
452 2653 498 2712 eut
514 2668 612 2728 mequq,
628 2667 662 2722 ne
679 2650 747 2724 oaqri
765 2648 867 2734 quidem
