2086 3026
162 135 211 183 222
494 135 616 186 Taum

794 197 830 246 [2
840 196 870 236 u.
879 197 902 237 c.
913 197 959 238 222.

163 243 314 310 2212112122,
334 246 466 317 egregium
488 246 716 318 propugnaculum.
734 245 820 302 ‘Eous
840 247 961 317 perennis

164 341 244 394 equae,
256 323 338 378 222211
355 323 403 378 sub
420 327 490 378 terra
504 327 613 392 montes,
627 327 655 378 21
672 322 776 394 piscina
791 323 962 394 cisternaeque

141 398 295 454 2222222112
310 399 441 454 imbribus.
478 399 652 455 Praviderant
667 398 812 454 conditores
828 417 861 454 ex
876 398 963 454 diver·

164 477 242 532 sitate
252 493 352 530 morum
363 477 453 532 crebra
466 476 546 532 bella:
564 476 624 531 inde
636 479 729 531 cuncta
744 476 860 546 quamuis
871 475 959 530 adver·

165 571 209 607 sus
221 552 325 623 longum
336 552 470 607 obsidium.
506 553 542 608 Et
554 571 570 607 a
581 553 702 624 Pompeio
711 552 865 622 expugnatis
876 555 964 607 metus

142 631 245 698 satque
255 645 318 681 nors
329 627 449 700 pleraque
457 632 638 684 monstravere.
674 630 761 699 Atque
773 645 819 698 per
830 627 965 682 avaritiam
1032 687 1033 696 χ

166 702 363 758 Claudianorum
374 708 518 774 temporum
529 709 615 775 empto
622 708 683 774 jura
694 703 832 770 muniendi,
844 707 976 760 struxere
1031 697 1033 708 ⁴

166 797 252 834 maros
269 779 298 833 in
312 797 375 850 2222
392 783 514 852 tanquam
532 780 564 835 ad
581 780 684 846 12211222,
700 798 793 852 magna
810 779 920 835 22112212
938 784 966 836 21

166 859 316 911 ceterarum
339 856 441 912 urbium
464 857 535 912 clade
558 857 720 912 2221122222
744 856 966 926 pervicacissimus

169 927 362 1002 221222211122
386 933 541 1004 perfugerat,
569 951 650 1004 eoque
676 932 821 987 seditiodus
846 931 966 1002 agebant.

143 1007 231 1063 41222
250 1007 335 1074 duces,
354 1009 462 1065 totidem
482 1009 617 1064 exereitus.
652 1008 776 1064 Extrema
795 1012 822 1063 21
840 1008 967 1063 latissima

168 1085 288 1140 moenium
312 1085 389 1151 Simo,
413 1085 522 1140 mediam
542 1084 632 1140 urbem
654 1085 774 1149 Joannes,
795 1083 814 1154 †
837 1103 915 1155 quem
938 1094 966 1140 et

168 1160 319 1232 Bargioram
344 1160 476 1226 vocabant,
502 1160 626 1231 templum
650 1160 786 1215 Eleazarus
810 1159 965 1216 1122222221.

169 1236 339 1292 Multitudine
353 1242 380 1292 21
397 1237 474 1292 armis
490 1237 602 1292 1222222
620 1253 650 1290 sc
666 1236 743 1302 Simu,
756 1236 893 1291 Eleazarus
909 1237 965 1292 loeo

145 1313 287 1384 tpollebat.
324 1313 376 1369 Sed
395 1314 490 1385 praelia,
510 1313 590 1378 dolas,
612 1311 728 1367 incendia
750 1312 818 1367 inter
837 1312 916 1382 ipsos,
938 1316 966 1368 et

169 1407 263 1458 magna
274 1389 313 1444 212
324 1389 446 1445 frumenti
457 1389 581 1444 ambusta.
617 1389 681 1442 Mox
692 1389 710 1442 J
710 1406 812 1454 222222,
822 1388 908 1444 212212
919 1407 966 1460 per

170 1465 280 1532 speciem
307 1465 464 1520 sacrificandi
488 1466 532 1536 qui
556 1465 704 1520 Eleazarum
729 1482 883 1536 manumque
908 1469 965 1535 ejus

169 1537 359 1604 obtruncarent,
382 1541 476 1611 templo
496 1540 601 1610 potitur.
638 1541 682 1596 Ι12
701 1541 729 1595 12
751 1540 816 1596 duas
840 1541 966 1596 1221122222

170 1613 259 1667 civitas
278 1613 402 1680 discessit,
420 1618 506 1681 donee,
526 1617 753 1688 propinquantibus
771 1617 895 1672 Romanis
913 1617 967 1673 bel-

123 1685 366 1744 1312222122222
375 1691 650 1763 concordiampareret.
686 1693 832 1750 Evenerant
841 1693 965 1766 prodigia

172 1783 229 1835 quae
252 1783 334 1836 neque
353 1766 444 1822 hostiis
464 1785 546 1839 neque
566 1769 634 1824 votis
655 1769 724 1840 piare
744 1770 783 1825 fas
803 1769 881 1825 habet
902 1788 966 1841 gens

170 1842 347 1912 superstitioni
364 1842 480 1910 obnoxia,
498 1844 662 1916 religionibus
683 1845 796 1902 adversa.
833 1846 903 1901 Visae
921 1865 967 1917 per

172 1918 263 1974 calum
280 1937 430 1976 concurrere
448 1920 522 1986 acies,
535 1921 667 1976 rutilantia
684 1940 760 1990 erma,
772 1926 800 1978 et
816 1921 903 1977 sabito
920 1941 959 1978 nn

148 1995 242 2051 auium
252 1995 312 2068 igne
324 1996 448 2052 collucere
463 1997 593 2068 templum.
627 1997 766 2069 Exepertoe
778 1998 957 2069 repentedelu

173 2071 212 2127 bri
224 2073 302 2138 fores,
313 2077 340 2128 et
356 2073 444 2128 audita
459 2077 541 2144 major
553 2073 665 2128 hnmana
677 2093 736 2141 vox,
752 2075 874 2132 excedere
889 2075 951 2132 deos
958 2097 967 2142 ;

171 2148 247 2203 simul
263 2149 354 2221 iugens
369 2155 456 2205 motus
473 2149 657 2206 excedentium.
680 2152 759 2212 Ι1122
776 2153 852 2222 pauci
868 2153 898 2208 iu
914 2171 967 2208 me-

172 2227 227 2278 tum
244 2226 394 2281 trabebant:
413 2226 530 2296 pluribus
547 2227 679 2296 persuasio
696 2228 779 2284 inerat
796 2229 911 2299 antiquis
929 2247 971 2284 sa·

171 2298 304 2352 cerdotnm
327 2301 408 2357 literis
432 2302 564 2367 contineri,
585 2320 616 2357 eo
639 2303 696 2372 ipso
719 2308 835 2376 tempore
857 2306 914 2360 fore
938 2309 968 2360 21

173 2371 309 2426 2212222221
325 2375 424 2440 Oriens,
437 2378 595 2448 protectique
606 2379 697 2434 Judaea
713 2399 798 2436 rerum
814 2381 968 2451 potirentur.

150 2442 240 2500 3an
252 2446 370 2516 ambages
387 2451 573 2520 Vespasianum
587 2471 617 2509 22
633 2454 721 2510 {litum
737 2457 906 2526 praedixerat:
925 2457 971 2514 sed

172 2515 271 2600 vulgus,
293 2537 363 2604 more
381 2523 498 2580 humane
517 2528 650 2598 cupidinis,
669 2529 718 2586 sibi
738 2536 837 2587 tantam
856 2533 971 2590 satorum

174 2591 374 2657 magmtudmcm
392 2595 560 2669 interpretati,
575 2621 608 2657 ne
623 2603 735 2661 adversis
750 2607 852 2678 quidem
864 2609 899 2664 ad
910 2628 972 2666 2222
1024 2641 1025 2652 .

175 2663 347 2723 mutabantur.
383 2669 579 2732 Multitudinem
594 2678 763 2750 obsessorum,
776 2685 970 2752 omnisartatis,
