2104 3022
292 133 341 181 DE
359 133 586 182 ORATORIBUS
607 133 694 192 16,1t.
842 136 889 184 299

130 243 207 299 “Sed
217 249 319 299 mccc
331 243 364 299 ad
375 244 479 300 Lemnos
492 247 613 310 oratores,
627 243 654 298 in
665 243 758 314 quibus
769 261 821 299 non
832 244 890 300 Me·
900 246 933 303 17

92 320 205 385 nemum,
217 323 248 374 nt
263 325 335 391 puto,
348 320 494 392 Agrippum,
508 320 552 391 qui
569 323 656 390 potest
667 319 748 375 videri
760 321 889 392 antiquus,

92 399 238 452 nostrorum
262 400 405 466 temporum
425 395 526 452 disertis
551 400 704 468 anteponere
727 395 822 462 soletis,
845 397 891 452 sed

93 473 241 528 Ciceronem
253 475 280 528 et
292 472 417 528 Caesarem
426 475 453 526 ct
465 472 571 528 Oaelium
583 476 610 528 et
622 472 728 528 Calenum
741 477 767 528 et
779 473 890 527 Brutum

92 552 120 604 et
139 548 257 603 Asinium
280 552 307 604 et
330 548 475 604 Messalam.
512 549 585 608 Quos
610 548 671 620 quid
693 549 803 619 antiquis
826 552 891 604 tenr-

92 623 197 696 pcribus
209 625 294 696 potim
303 625 435 680 ascribetis
444 643 520 696 quam
529 629 588 679 nost
589 625 632 691 ris,
642 643 694 680 non
705 625 786 680 vieleo
823 625 913 680 Nem²

92 705 123 756 nt
146 700 178 755 de
203 701 356 757 Cicerone'
348 719 405 773 ipso
423 700 519 772 loquar,
542 701 631 756 Hirtio
651 705 788 774 uempaet
776 702 892 758 tPnnsu

93 776 248 844 consulibus,
261 781 292 832 ut
307 777 367 833 'liro
383 777 525 832 libertus
502 795 558 848 epus
574 777 685 848 scripsit,
704 779 812 848 septimo
828 771 891 834 Idus

92 855 215 908 mean.
234 853 333 909 cccmus
342 853 612 925 est,qnoa1modivus
625 855 777 924 Augustus'
769 873 797 909 m
807 854 892 910 locum

92 927 183 984 Panse
206 933 233 985 et
256 929 338 985 Hirtii
362 947 389 985 se
413 933 439 984 et
464 930 496 990 Q.
510 928 618 984 Pedium
638 930 756 984 consules
782 931 890 986 suffecit.

94 1005 185 1060 Statue
205 1023 251 1061 sex
271 1009 298 1061 et
314 1005 497 1077 quinquaginta
517 1021 604 1070 annos,
625 1003 717 1076 quibus
737 1022 797 1060 mox
817 1005 890 1062 divus

92 1082 228 1152 Augustus
248 1099 302 1137 rem
322 1081 448 1153 publicam
467 1081 549 1149 rexit3
576 1080 657 1151 adjice
674 1080 841 1136 discuteres
863 1085 890 1137 et

92 1157 192 1228 viginti,
210 1160 236 1212 et
254 1175 333 1229 prope
351 1157 543 1228 quadriennium
563 1157 627 1223 Gaii,
646 1175 675 1213 ec
696 1157 734 1212 bis
753 1161 890 1228 quaternos

94 1232 172 1289 denos
190 1233 291 1290 Claudii
306 1237 333 1288 et
349 1233 460 1290 Neronis
476 1251 562 1302 anuos,
580 1238 657 1306 atque
672 1233 743 1288 illum
761 1233 847 1289 Galba
863 1238 890 1290 et

93 1308 203 1364 Othonis
214 1313 242 1364 et
257 1309 356 1364 Vitellii
372 1309 476 1381 longum
490 1314 518 1365 et
533 1328 613 1364 unum
630 1327 732 1375 suumn,
745 1327 775 1365 ec
791 1319 890 1366 sextam

91 1383 143 1455 jam
155 1385 237 1441 felicis
248 1386 325 1457 liujus
337 1386 494 1457 principatus
503 1386 646 1452 stationem,
658 1404 708 1457 qua
716 1387 889 1458 Vespasianus

93 1461 274 1532 rempublicam
290 1461 375 1518 fovet:
394 1465 497 1518 centum
513 1467 539 1516 ct
555 1461 647 1534 viginti
659 1463 719 1518 anni
735 1462 767 1518 ab
783 1463 890 1519 interitu

94 1537 224 1592 Ciceronis
235 1537 263 1592 iu
273 1538 342 1594 hunc
354 1538 420 1593 diem
432 1538 594 1609 colliguntur,
605 1539 681 1595 unius
697 1539 806 1596 hominis
819 1545 888 1596 setas.

94 1611 162 1668 Nam
174 1614 229 1684 ipse
240 1632 288 1685 ego
304 1614 332 1668 in
345 1614 478 1669 Britannia
491 1615 544 1670 ridi
559 1634 652 1681 senem,
666 1616 711 1688 qui
722 1635 750 1672 se
766 1618 913 1690 iptereturt

94 1693 121 1744 st
140 1707 234 1760 pngnae
254 1690 401 1746 interfuisse
422 1709 472 1762 qua
493 1692 626 1758 Cesaram,
648 1693 799 1750 inferentem
822 1712 891 1750 arma

93 1764 239 1831 Britannia,
250 1783 335 1822 arcere
346 1766 464 1822 litoribus
476 1771 503 1823 et
512 1769 605 1838 pellere
618 1771 732 1840 aggressi
744 1778 812 1825 sunt.
848 1771 890 1824 Ita

94 1841 117 1896 si
128 1860 193 1908 aum,
207 1842 251 1914 qui
262 1845 374 1898 amatus
387 1843 416 1898 Ο.
428 1842 523 1898 Oaeseri
534 1845 637 1909 restitit,
651 1846 692 1899 vel
703 1847 838 1915 captivitas
850 1846 891 1900 vel

93 1917 211 1973 voluntas
226 1917 268 1974 vel
279 1918 361 1974 fetum
377 1918 479 1990 aliquod
495 1919 522 1974 in
533 1919 621 1974 urbem
637 1921 810 1990 pertraxisset,
823 1921 890 1975 idem

94 1991 218 2049 Oaeserem
239 1994 322 2066 ipsum
342 1998 370 2050 et
388 1995 533 2050 Ciceronem
549 1995 635 2050 audire
651 1996 736 2066 potuit
752 2001 779 2050 et
794 1997 889 2051 nostris

93 2087 193 2141 quoque
205 2070 348 2126 actionibus
356 2070 487 2126 interesse.
523 2071 642 2126 Proximo
651 2071 752 2142 quidem
761 2073 912 2142 congiadot

92 2144 142 2216 iper
134 2145 255 2202 vidistis
271 2148 405 2218 plerosque
417 2165 499 2214 senes,
515 2148 559 2218 qui
575 2167 602 2204 se
614 2166 630 2202 a
644 2147 703 2203 divo
719 2166 820 2237 quoque
835 2151 889 2203 Au-

92 2225 170 2292 gusto
191 2224 268 2280 semel
292 2228 370 2296 atque
390 2224 483 2278 iterum
507 2225 633 2296 accepisse
652 2225 808 2296 congiarium
832 2244 888 2280 nar-

92 2298 190 2354 rabant.
224 2299 268 2354 Itx
286 2317 337 2370 quo
353 2299 437 2371 colligi
454 2304 579 2370 potestat
596 2301 733 2355 Corvinum
749 2301 781 2356 ab
797 2301 846 2356 illis
863 2305 890 2357 et

92 2376 210 2430 Asinium
234 2376 317 2432 audiri
339 2377 558 2464 potuissemus
583 2378 736 2433 Οοινίιιιιι
728 2397 756 2433 ιιι
778 2379 890 2434 medium

92 2469 174 2523 usque
185 2453 300 2524 Augusti
311 2451 488 2523 principatum,
502 2453 606 2508 Asinius
619 2473 690 2524 penne
705 2454 792 2510 adt
749 2459 792 2510 ext
793 2475 890 2511 remum

92 2527 203 2584 durant.
239 2529 283 2584 Nc
301 2528 419 2584 dividetis
435 2527 556 2593 seculum,
570 2533 596 2584 et
615 2531 733 2603 antiquos
745 2550 775 2588 ac
792 2537 912 2588 veterest

91 2605 211 2661 vocitetis
229 2609 352 2671 oratores,
369 2622 433 2675 quos
451 2605 588 2660 eorumdem
608 2606 738 2664 hominum
753 2627 826 2664 aures
846 2627 891 2680 ag-

92 2697 198 2738 noscere
210 2699 241 2739 ec
252 2681 323 2739 velut
335 2681 490 2752 conjungere
501 2684 528 2737 et
540 2682 658 2754 copulare
669 2688 815 2756 potuerrmt.
