2086 3026
90 223 117 262 A'
126 223 151 262 D.
162 223 204 272 m]
269 163 521 212 HISTORIARUM
538 164 582 212 IV.
601 163 702 215 37-40.
833 165 878 212 181

90 272 239 341 Vespasiani
266 273 391 344 legionem
414 273 574 341 deseruisset,
600 274 690 339 ablata,
715 275 745 328 ut
768 273 796 328 in
823 272 882 328 Plo·

90 348 154 402 tium
167 349 290 419 Gripham
302 351 489 406 transferretur.
520 352 619 406 Hormo
632 350 743 422 dignitas
755 349 905 419 equestris2

90 423 156 478 data.
192 425 227 479 Et
250 443 311 480 mox
334 426 448 496 ejurante
469 427 592 482 Frontino
616 428 698 482 (iasar
719 425 881 480 Domitianus

87 504 225 570 praturam
241 501 316 570 oepit.
350 503 414 573 Ejus
428 503 648 575 nomenepistolis
663 501 804 572 edictisque
818 519 882 571 prm-

88 579 238 648 ponebatur,
250 581 289 636 ris
300 599 376 651 penes
388 581 538 637 Mucianum
549 586 611 646 erat,
621 582 670 637 nisi
683 580 751 652 quod
762 581 882 651 pleraque

88 655 258 721 Domitianus,
278 656 458 728 instigantibus
479 659 565 713 amieis
576 662 630 714 'ant
649 657 750 728 propria
768 656 881 719 libidine,

88 731 206 786 audebat.
243 733 293 787 Sed
308 734 448 803 praeoipuus
460 733 581 789 Muciano
593 737 676 788 metus
694 751 709 787 e
725 732 813 788 Primo
828 733 881 788 An·
894 740 909 786 t

90 807 160 862 tenio
183 807 302 878 Varoque
321 810 404 876 Arrio,
425 827 489 897 quos
509 813 595 864 reoent
596 827 623 864 es
647 809 777 879 olarosqne
797 825 881 862 rerum

90 883 157 938 lama
171 901 200 939 ao
214 884 278 938 milit
266 888 322 938 tum
338 887 363 938 st
351 849 470 940 tudiiset
443 885 520 940 etiam
536 884 644 954 populus
658 884 767 952 fovebat,
782 883 842 954 quia
854 883 882 937 in

89 959 217 1012 neminem
240 959 309 1012 ultra
332 960 411 1014 aoiem
437 959 577 1014 saevierant.
557 959 649 1014 tEt
673 959 802 1014 serebatur
829 960 905 1013 Aru-4

89 1034 177 1087 tonius
190 1033 380 1088 Scribonianum
392 1035 518 1099 Crassum,
532 1035 640 1106 egregiis
654 1035 842 1105 majoribusque
854 1041 882 1088 et

90 1110 143 1164 frat
131 1113 205 1164 terna
219 1109 328 1180 imagine
344 1110 492 1181 fulgentem,
508 1111 541 1166 ed
556 1111 734 1182 capessendam
750 1129 804 1166 rem
820 1109 883 1181 pub·

90 1185 167 1240 lioam
185 1185 310 1250 hortatus,
334 1185 402 1240 haud
425 1187 544 1242 delatura
567 1187 726 1243 oonsoiorum
749 1205 832 1250 manu,
857 1185 884 1240 ni

92 1261 272 1317 Scribonianus
295 1261 433 1328 abnuisset,
457 1281 490 1319 ne
514 1264 610 1334 paratis
631 1263 734 1335 quidem
758 1261 885 1332 eorrumpi

89 1338 179 1404 facilis,
199 1338 261 1394 adeo
282 1341 398 1394 metuens
418 1341 522 1396 ineerta.
558 1341 645 1412 Igitur
661 1339 806 1404 Mucianus,
825 1338 905 1408 quiat

90 1415 219 1486 propalam
235 1415 343 1486 opprimi
357 1415 485 1472 Antonius
501 1417 631 1488 nequibat,
645 1416 733 1472 multis
749 1415 777 1470 in
793 1417 884 1470 senatu

87 1491 206 1548 laudibus
233 1491 389 1547 cumulatum
414 1493 518 1549 seeretis
543 1493 673 1565 promissis
698 1495 795 1557 onerat,
821 1491 884 1547 eite-

86 1569 182 1625 riorem
201 1569 354 1639 Hispaniam
372 1572 503 1625 ostentans
525 1570 638 1628 disoessu
656 1569 740 1626 Cluvii
760 1568 823 1624 Rufi
843 1585 884 1623 va·

88 1663 180 1711 ouam;
205 1645 282 1700 simul
306 1645 392 1702 amicis
416 1647 472 1718 ejus
498 1647 645 1703 tribunatus
670 1647 884 1718 praefooturasqae

87 1721 205 1794 largitur.
241 1720 308 1776 Dein
322 1725 456 1794 postquam
472 1723 572 1778 inanem
588 1723 699 1778 animum
713 1739 759 1794 spe
773 1725 800 1777 et
816 1721 907 1791 eupit

88 1797 148 1854 dine
164 1797 319 1866 impleverat,
332 1798 398 1853 vires
410 1799 493 1854 abolet
509 1798 612 1854 dimissa
626 1799 654 1854 in
667 1799 773 1854 hiberna
786 1797 885 1868 legione

90 1873 206 1942 septima,
223 1872 295 1942 eujus
310 1873 520 1943 flagrantissimus
536 1875 564 1929 in
578 1875 721 1929 Antonium
737 1891 815 1928 amor.
849 1871 885 1926 Et

90 1947 171 2002 tertia
185 1947 258 2016 legio,
271 1947 400 2003 fanbliaris
416 1950 492 2004 Arrio
509 1949 579 2004 Varo
594 1949 675 2015 miles,
690 1949 719 2003 in
734 1948 833 2018 Syriam
848 1965 887 2001 re·

91 2021 178 2077 missa.
213 2022 277 2075 Pars
296 2024 421 2078 exereitus
441 2024 469 2079 in
490 2025 636 2079 Germanias
657 1989 807 2078 (iuoebatur.
845 2022 887 2078 sue

92 2100 182 2168 egesto
198 2096 347 2167 quidquidt
335 2098 473 2167 turbidum,
489 2099 556 2154 redit
572 2099 630 2154 urbi
646 2117 694 2154 sua
709 2099 791 2154 forma
807 2097 888 2169 leges-

89 2191 143 2244 que
155 2176 181 2229 et
194 2175 279 2228 munia
290 2139 495 2246 magistratuum.

92 2251 188 2310 Quo
206 2249 247 2306 dia
265 2255 337 2306 senat
338 2270 381 2306 um
397 2251 528 2323 ingressus
546 2255 585 2308 est
602 2251 701 2310 Domit
693 2269 774 2317 sanus,
795 2250 826 2306 do
844 2249 887 2306 ab·
894 2247 931 2303 40

89 2327 175 2382 sentia
186 2327 265 2397 patris
279 2327 415 2398 fratrisque
430 2347 459 2384 ao
471 2329 578 2401 juventa
592 2347 639 2384 sua
654 2346 735 2399 panoa
749 2331 775 2384 ot
790 2327 889 2384 modioa

93 2402 224 2468 disseruit,'
242 2402 348 2460 deoorus
367 2404 471 2472 habitu;
490 2409 524 2472 et,
545 2405 641 2478 ignotis
662 2405 745 2462 adhuo
765 2403 888 2468 moribus,

89 2478 181 2534 ¹erebra
200 2479 252 2536 oris
272 2481 386 2536 eoniusio
406 2501 453 2553 pro
473 2483 571 2538 modest
572 2483 597 2538 ia
560 2481 800 2553 t.aooipiebatnr
836 2481 912 2535 aas

89 2554 190 2610 ferente
208 2555 307 2612 Cesare
325 2556 356 2612 do
373 2559 538 2614 restituendis
558 2559 644 2614 Galba
664 2559 813 2625 honoribus,
833 2573 890 2610 oen·

89 2631 146 2686 suit
169 2631 274 2688 Curtius
297 2633 492 2690 Montauust
461 2639 492 2690 ut
515 2635 616 2690 Pisonis
643 2653 745 2706 quoque
769 2629 891 2686 memoria

85 2706 228 2764 eelebraret
216 2712 267 2766 t.ar
289 2710 661 2784 Patresutrumquejmsero:
680 2709 820 2766 dePisone
834 2701 891 2755 irri-
