2104 3022
215 541 248 601 0.
269 543 514 601 CORNELII
555 543 730 603 TAOITI

428 717 513 772 vm

69 825 332 972 {inuri
390 865 850 954 nosroonn.

111 1175 266 1230 Cossorum
276 1177 389 1230 virorum
404 1176 474 1230 sucta
484 1191 617 1244 moresque
633 1173 743 1242 posteris
755 1173 863 1240 trudere,
875 1174 890 1229 1

80 1252 223 1322 antiquitus
246 1251 378 1315 usitatum,
402 1268 435 1304 ne
458 1249 552 1304 nostris
582 1249 682 1319 quidem
700 1249 865 1318 temporibus,

75 1345 218 1398 quanquam
229 1327 356 1381 incuriosa
368 1343 478 1390 suorum,
487 1335 549 1379 setas
560 1324 653 1390 omisit,
664 1323 765 1395 quoties
774 1341 866 1394 magne

75 1403 160 1472 aliqua
171 1421 200 1457 ao
211 1402 301 1457 nobilis
317 1402 399 1456 virtus
415 1401 476 1456 vicit
493 1417 522 1456 so
538 1417 702 1471 supergressa
713 1403 752 1454 est
764 1399 864 1465 vitium,

74 1478 160 1548 parvis
183 1478 330 1549 magnisque
358 1476 503 1532 civitatibus
533 1493 672 1540 commune,
696 1475 866 1546 ignorantiam

5 1563 6 1580 l
74 1553 140 1607 recti
158 1558 185 1608 et
203 1553 329 1607 invidiam.
367 1551 417 1607 Sed
435 1551 503 1622 apud
526 1551 624 1622 priores
641 1557 672 1605 ut
689 1569 764 1622 agere
788 1550 866 1622 digna

73 1632 216 1682 memoratu
226 1647 335 1698 pronum
345 1629 475 1699 magisque
486 1628 514 1682 in
526 1631 615 1697 aperto
632 1630 695 1691 erat,
708 1627 746 1681 ite
757 1627 865 1682 celeber·

72 1704 153 1758 rimus
163 1704 269 1773 quisquc
278 1704 380 1773 ingenio
389 1704 421 1757 ud
430 1703 584 1773 prodendam
595 1704 699 1758 virtutis
708 1704 863 1768 memoriam,

73 1779 129 1833 sine
153 1779 235 1846 gratia
252 1782 298 1830 aut
322 1777 465 1844 ambitione,
483 1779 555 1833 bonne
578 1783 680 1832 tuntum
704 1778 864 1833 conscientie

72 1851 157 1923 pretio
170 1848 316 1903 ducebatur.
352 1853 391 1904 Ac
403 1853 517 1921 plerique
529 1871 601 1906 suam
612 1854 663 1921 ipsi
672 1853 749 1906 ritum
761 1866 888 1910 narrares

72 1925 191 1982 fiduciam
218 1924 304 1994 potins
333 1943 432 1978 morum
456 1943 531 1994 quarn
555 1927 725 1996 arrogantium
748 1927 865 1980 arbitrati

74 2007 153 2067 sunt;
171 2017 218 2055 nec
235 1998 262 2053 id
278 1999 377 2053 Rutilio
393 2003 420 2054 et
439 2000 533 2054 Scauro
546 2001 610 2054 eitra
621 2000 696 2054 fidem
708 2004 755 2053 aut·
765 2001 865 2054 obtrec-

73 2077 166 2131 tationi
179 2076 236 2130 fuit.
272 2075 344 2130 Adeo
360 2075 470 2129 virtutes
487 2075 577 2128 iisdem
594 2074 751 2144 temporibus
768 2075 864 2143 optime

73 2153 239 2218 estimantur,
253 2151 344 2222 quibus
362 2151 479 2206 facillime
495 2151 642 2221 gignuntur.
679 2151 716 2203 At
728 2167 795 2203 nune
806 2158 889 2204 nar-4

74 2231 162 2282 raturo
179 2227 241 2282 mibi
258 2228 337 2282 vitam
360 2227 474 2282 delunoti
491 2227 599 2281 hominis
616 2225 690 2282 venis
707 2242 772 2294 opus
795 2224 862 2290 iuit;

74 2321 150 2374 quum
167 2321 219 2357 non
235 2303 363 2373 petissem,
386 2304 548 2358 incussimus
565 2307 619 2358 tam
637 2319 704 2357 saiva
720 2304 747 2356 et
770 2301 864 2356 inlesta

72 2377 212 2432 virtutibus
229 2382 352 2448 tempore,
389 2379 516 2450 Legimus,
535 2395 594 2432 cum
618 2377 731 2432 Aruleno
755 2375 891 2431 Rustioo2

73 2453 162 2508 Pctus
179 2454 296 2518 Thrasea,
314 2456 444 2510 Herennio
463 2454 595 2510 Senecioni
610 2454 713 2510 Priscus
725 2451 863 2508 Helvidius

72 2529 170 2582 laudati
192 2533 285 2594 essent,
310 2531 418 2599 capitale
441 2531 528 2598 inisse,
551 2549 633 2603 neque
657 2531 684 2585 in
700 2530 770 2600 ipsos
787 2527 863 2582 modo

74 2609 197 2670 auctores,
210 2605 254 2660 sed
266 2605 294 2660 in
305 2606 383 2660 libros
396 2624 497 2678 quoque
510 2625 596 2662 eorum
609 2608 732 2671 saevitum,
746 2604 863 2674 delegato

74 2680 212 2736 triumviris
228 2681 375 2749 ministerio,
394 2687 425 2738 ut
442 2689 606 2740 monumenta
618 2683 812 2740 clarissimorum
825 2678 863 2730 in·

184 2959 235 2992 et)
