<?xml version="1.0" encoding="UTF-8"?>
<!DOCTYPE html PUBLIC "-//W3C//DTD XHTML 1.0 Transitional//EN"
    "http://www.w3.org/TR/xhtml1/DTD/xhtml1-transitional.dtd">
<html xmlns="http://www.w3.org/1999/xhtml" xml:lang="en" lang="en">
 <head>
  <title>
</title>
<meta http-equiv="Content-Type" content="text/html;charset=utf-8" />
  <meta name='ocr-system' content='tesseract 3.04.00' />
  <meta name='ocr-capabilities' content='ocr_page ocr_carea ocr_par ocr_line ocrx_word'/>
</head>
<body>
  <div class='ocr_page' id='page_1' title='image "./opera01tacigoog_0086.png"; bbox 0 0 2096 3038; ppageno 0'>
   <div class='ocr_carea' id='block_1_1' title="bbox 76 244 869 361">
    <p class='ocr_par' dir='ltr' id='par_1_1' title="bbox 76 244 869 361">
     <span class='ocr_line' id='line_1_1' title="bbox 76 244 869 361; baseline -0.001 -63"><span class='ocrx_word' id='word_1_1' title='bbox 76 314 101 354; x_wconf 61' lang='lat' dir='ltr'>A,</span> <span class='ocrx_word' id='word_1_2' title='bbox 112 311 137 353; x_wconf 41' lang='lat' dir='ltr'>D.</span> <span class='ocrx_word' id='word_1_3' title='bbox 147 312 188 361; x_wconf 34' lang='grc' dir='ltr'>ω’]</span> <span class='ocrx_word' id='word_1_4' title='bbox 270 247 523 298; x_wconf 80' lang='lat' dir='ltr'><strong>HISTORIARUM</strong></span> <span class='ocrx_word' id='word_1_5' title='bbox 540 244 577 298; x_wconf 88' lang='lat'>11.</span> <span class='ocrx_word' id='word_1_6' title='bbox 594 246 697 300; x_wconf 77' lang='lat'><strong>47-50.</strong></span> <span class='ocrx_word' id='word_1_7' title='bbox 837 245 869 298; x_wconf 75' lang='lat'>⁷⁹</span> 
     </span>
    </p>
   </div>
   <div class='ocr_carea' id='block_1_2' title="bbox 76 357 921 2802">
    <p class='ocr_par' dir='ltr' id='par_1_2' title="bbox 76 357 921 2802">
     <span class='ocr_line' id='line_1_2' title="bbox 76 357 870 432; baseline -0.008 -15"><span class='ocrx_word' id='word_1_8' title='bbox 76 363 112 417; x_wconf 91' lang='lat' dir='ltr'>tis</span> <span class='ocrx_word' id='word_1_9' title='bbox 130 359 256 424; x_wconf 87' lang='lat' dir='ltr'>omnibns,</span> <span class='ocrx_word' id='word_1_10' title='bbox 279 360 383 431; x_wconf 78' lang='lat' dir='ltr'>paulum</span> <span class='ocrx_word' id='word_1_11' title='bbox 406 360 538 432; x_wconf 79' lang='lat' dir='ltr'><strong>requievit.</strong></span> <span class='ocrx_word' id='word_1_12' title='bbox 575 362 661 432; x_wconf 80' lang='lat' dir='ltr'>Atque</span> <span class='ocrx_word' id='word_1_13' title='bbox 681 357 761 424; x_wconf 89' lang='lat' dir='ltr'>illum,</span> <span class='ocrx_word' id='word_1_14' title='bbox 782 373 870 428; x_wconf 79' lang='lat' dir='ltr'>supro·</span> 
     </span>
     <span class='ocr_line' id='line_1_3' title="bbox 76 435 870 509; baseline -0.004 -16"><span class='ocrx_word' id='word_1_15' title='bbox 76 453 131 494; x_wconf 84' lang='lat' dir='ltr'>mus</span> <span class='ocrx_word' id='word_1_16' title='bbox 153 438 205 509; x_wconf 82' lang='lat' dir='ltr'>jam</span> <span class='ocrx_word' id='word_1_17' title='bbox 229 453 302 492; x_wconf 82' lang='lat' dir='ltr'>eurus</span> <span class='ocrx_word' id='word_1_18' title='bbox 323 439 407 492; x_wconf 78' lang='lat' dir='ltr'>animo</span> <span class='ocrx_word' id='word_1_19' title='bbox 430 438 595 503; x_wconf 77' lang='lat' dir='ltr'>volutantem,</span> <span class='ocrx_word' id='word_1_20' title='bbox 623 455 714 507; x_wconf 87' lang='lat' dir='ltr'>repens</span> <span class='ocrx_word' id='word_1_21' title='bbox 742 435 870 491; x_wconf 85' lang='lat' dir='ltr'>tumultus</span> 
     </span>
     <span class='ocr_line' id='line_1_4' title="bbox 78 511 869 582; baseline -0.005 -13"><span class='ocrx_word' id='word_1_22' title='bbox 78 514 178 582; x_wconf 73' lang='lat' dir='ltr'>euertit,</span> <span class='ocrx_word' id='word_1_23' title='bbox 201 513 319 568; x_wconf 79' lang='lat' dir='ltr'>nuntiata</span> <span class='ocrx_word' id='word_1_24' title='bbox 346 515 550 569; x_wconf 84' lang='lat' dir='ltr'>eonsternotiono</span> <span class='ocrx_word' id='word_1_25' title='bbox 574 531 603 568; x_wconf 85' lang='lat' dir='ltr'>ao</span> <span class='ocrx_word' id='word_1_26' title='bbox 626 513 729 568; x_wconf 83' lang='lat' dir='ltr'>lieentia</span> <span class='ocrx_word' id='word_1_27' title='bbox 751 511 869 566; x_wconf 88' lang='lat' dir='ltr'>militum.</span> 
     </span>
     <span class='ocr_line' id='line_1_5' title="bbox 78 588 871 662; baseline -0.008 -14"><span class='ocrx_word' id='word_1_28' title='bbox 78 592 197 662; x_wconf 82' lang='lat' dir='ltr'>Namque</span> <span class='ocrx_word' id='word_1_29' title='bbox 215 590 366 645; x_wconf 80' lang='lat' dir='ltr'>abeuntibus</span> <span class='ocrx_word' id='word_1_30' title='bbox 384 591 490 646; x_wconf 88' lang='lat' dir='ltr'>exitium</span> <span class='ocrx_word' id='word_1_31' title='bbox 508 589 698 655; x_wconf 77' lang='lat' dir='ltr'><strong>minitabantur,</strong></span> <span class='ocrx_word' id='word_1_32' title='bbox 714 588 871 644; x_wconf 78' lang='lat' dir='ltr'>etrooissimn</span> 
     </span>
     <span class='ocr_line' id='line_1_6' title="bbox 78 664 895 738; baseline -0.009 -14"><span class='ocrx_word' id='word_1_33' title='bbox 78 668 106 724; x_wconf 90' lang='lat' dir='ltr'>in</span> <span class='ocrx_word' id='word_1_34' title='bbox 123 666 274 738; x_wconf 86' lang='lat' dir='ltr'>Verginium</span> <span class='ocrx_word' id='word_1_35' title='bbox 290 667 324 730; x_wconf 86' lang='lat' dir='ltr'>ri,</span> <span class='ocrx_word' id='word_1_36' title='bbox 342 685 417 737; x_wconf 86' lang='lat' dir='ltr'>quem</span> <span class='ocrx_word' id='word_1_37' title='bbox 437 667 523 722; x_wconf 79' lang='lat' dir='ltr'>clauso</span> <span class='ocrx_word' id='word_1_38' title='bbox 541 666 616 721; x_wconf 92' lang='lat' dir='ltr'>domo</span> <span class='ocrx_word' id='word_1_39' title='bbox 633 665 790 721; x_wconf 80' lang='lat' dir='ltr'>obsidebunt.</span> <span class='ocrx_word' id='word_1_40' title='bbox 826 664 895 719; x_wconf 75' lang='lat' dir='ltr'>In·2</span> 
     </span>
     <span class='ocr_line' id='line_1_7' title="bbox 78 742 871 815; baseline -0.003 -16"><span class='ocrx_word' id='word_1_41' title='bbox 78 743 181 814; x_wconf 86' lang='lat' dir='ltr'>erepitis</span> <span class='ocrx_word' id='word_1_42' title='bbox 198 742 328 797; x_wconf 85' lang='lat' dir='ltr'>seditionis</span> <span class='ocrx_word' id='word_1_43' title='bbox 345 743 498 809; x_wconf 78' lang='lat' dir='ltr'>auctoribus,</span> <span class='ocrx_word' id='word_1_44' title='bbox 514 761 645 815; x_wconf 79' lang='lat' dir='ltr'>regressus</span> <span class='ocrx_word' id='word_1_45' title='bbox 662 743 761 798; x_wconf 74' lang='lat' dir='ltr'>vaeaut</span> <span class='ocrx_word' id='word_1_46' title='bbox 777 742 871 797; x_wconf 84' lang='lat' dir='ltr'>obeun-</span> 
     </span>
     <span class='ocr_line' id='line_1_8' title="bbox 78 818 870 890; baseline -0.001 -15"><span class='ocrx_word' id='word_1_47' title='bbox 78 820 144 875; x_wconf 87' lang='lat' dir='ltr'>tium</span> <span class='ocrx_word' id='word_1_48' title='bbox 170 819 293 890; x_wconf 78' lang='lat' dir='ltr'>alioquiis,</span> <span class='ocrx_word' id='word_1_49' title='bbox 323 818 402 874; x_wconf 86' lang='lat' dir='ltr'>donee</span> <span class='ocrx_word' id='word_1_50' title='bbox 423 838 510 874; x_wconf 87' lang='lat' dir='ltr'>ornnes</span> <span class='ocrx_word' id='word_1_51' title='bbox 531 819 645 874; x_wconf 82' lang='lat' dir='ltr'>inviolati</span> <span class='ocrx_word' id='word_1_52' title='bbox 669 819 870 890; x_wconf 79' lang='lat' dir='ltr'>digrederentur.</span> 
     </span>
     <span class='ocr_line' id='line_1_9' title="bbox 79 894 870 967; baseline -0.001 -16"><span class='ocrx_word' id='word_1_53' title='bbox 79 897 279 967; x_wconf 83' lang='lat' dir='ltr'>Vesperesoente</span> <span class='ocrx_word' id='word_1_54' title='bbox 299 895 346 960; x_wconf 87' lang='lat' dir='ltr'>die,</span> <span class='ocrx_word' id='word_1_55' title='bbox 367 897 436 950; x_wconf 89' lang='lat' dir='ltr'>sitim</span> <span class='ocrx_word' id='word_1_56' title='bbox 454 897 549 951; x_wconf 77' lang='lat' dir='ltr'>haustu</span> <span class='ocrx_word' id='word_1_57' title='bbox 566 895 655 966; x_wconf 75' lang='lat' dir='ltr'>gelide</span> <span class='ocrx_word' id='word_1_58' title='bbox 673 913 744 966; x_wconf 74' lang='lat' dir='ltr'>aque</span> <span class='ocrx_word' id='word_1_59' title='bbox 765 894 870 950; x_wconf 71' lang='lat' dir='ltr'>sedavit.</span> 
     </span>
     <span class='ocr_line' id='line_1_10' title="bbox 79 971 895 1043; baseline -0.004 -16"><span class='ocrx_word' id='word_1_60' title='bbox 79 973 145 1028; x_wconf 83' lang='lat' dir='ltr'>Tum</span> <span class='ocrx_word' id='word_1_61' title='bbox 168 971 250 1027; x_wconf 80' lang='lat' dir='ltr'>allatis</span> <span class='ocrx_word' id='word_1_62' title='bbox 271 971 431 1043; x_wconf 81' lang='lat' dir='ltr'>pugionibus,</span> <span class='ocrx_word' id='word_1_63' title='bbox 453 991 511 1028; x_wconf 89' lang='lat' dir='ltr'>oum</span> <span class='ocrx_word' id='word_1_64' title='bbox 532 976 669 1042; x_wconf 88' lang='lat' dir='ltr'>utrumque</span> <span class='ocrx_word' id='word_1_65' title='bbox 689 973 895 1042; x_wconf 69' lang='lat' dir='ltr'>pertentdssets</span> 
     </span>
     <span class='ocr_line' id='line_1_11' title="bbox 79 1047 886 1119; baseline -0.002 -15"><span class='ocrx_word' id='word_1_66' title='bbox 79 1049 188 1104; x_wconf 77' lang='lat' dir='ltr'>alterurn</span> <span class='ocrx_word' id='word_1_67' title='bbox 211 1047 289 1118; x_wconf 86' lang='lat' dir='ltr'>capiti</span> <span class='ocrx_word' id='word_1_68' title='bbox 308 1047 427 1102; x_wconf 80' lang='lat' dir='ltr'>subdidit.</span> <span class='ocrx_word' id='word_1_69' title='bbox 464 1049 499 1103; x_wconf 79' lang='lat' dir='ltr'>nt</span> <span class='ocrx_word' id='word_1_70' title='bbox 519 1047 649 1119; x_wconf 84' lang='lat' dir='ltr'>explorato</span> <span class='ocrx_word' id='word_1_71' title='bbox 671 1047 723 1118; x_wconf 78' lang='lat' dir='ltr'>jem</span> <span class='ocrx_word' id='word_1_72' title='bbox 744 1048 886 1118; x_wconf 78' lang='lat' dir='ltr'>profestos·</span> 
     </span>
     <span class='ocr_line' id='line_1_12' title="bbox 79 1123 871 1194; baseline -0.004 -15"><span class='ocrx_word' id='word_1_73' title='bbox 79 1124 181 1189; x_wconf 81' lang='lat' dir='ltr'>amieos,</span> <span class='ocrx_word' id='word_1_74' title='bbox 196 1128 298 1178; x_wconf 74' lang='lat' dir='ltr'>noctem</span> <span class='ocrx_word' id='word_1_75' title='bbox 315 1125 434 1194; x_wconf 83' lang='lat' dir='ltr'>quietam,</span> <span class='ocrx_word' id='word_1_76' title='bbox 450 1127 531 1194; x_wconf 89' lang='lat' dir='ltr'>utque</span> <span class='ocrx_word' id='word_1_77' title='bbox 546 1124 691 1187; x_wconf 72' lang='lat' dir='ltr'>affirmatur,</span> <span class='ocrx_word' id='word_1_78' title='bbox 709 1141 761 1177; x_wconf 93' lang='lat' dir='ltr'>non</span> <span class='ocrx_word' id='word_1_79' title='bbox 778 1123 871 1177; x_wconf 91' lang='lat' dir='ltr'>insom-</span> 
     </span>
     <span class='ocr_line' id='line_1_13' title="bbox 78 1198 871 1272; baseline -0.004 -17"><span class='ocrx_word' id='word_1_80' title='bbox 78 1219 140 1256; x_wconf 88' lang='lat' dir='ltr'>nem</span> <span class='ocrx_word' id='word_1_81' title='bbox 163 1201 224 1272; x_wconf 83' lang='lat' dir='ltr'>egit.</span> <span class='ocrx_word' id='word_1_82' title='bbox 260 1200 331 1254; x_wconf 83' lang='lat' dir='ltr'>Luce</span> <span class='ocrx_word' id='word_1_83' title='bbox 353 1199 433 1270; x_wconf 81' lang='lat' dir='ltr'>prima</span> <span class='ocrx_word' id='word_1_84' title='bbox 456 1200 483 1254; x_wconf 91' lang='lat' dir='ltr'>in</span> <span class='ocrx_word' id='word_1_85' title='bbox 504 1199 599 1254; x_wconf 80' lang='lat' dir='ltr'>ferrum</span> <span class='ocrx_word' id='word_1_86' title='bbox 622 1203 725 1270; x_wconf 89' lang='lat' dir='ltr'>peotore</span> <span class='ocrx_word' id='word_1_87' title='bbox 748 1198 871 1253; x_wconf 78' lang='lat' dir='ltr'>incubuit.</span> 
     </span>
     <span class='ocr_line' id='line_1_14' title="bbox 79 1275 896 1347; baseline -0.007 -15"><span class='ocrx_word' id='word_1_88' title='bbox 79 1276 124 1333; x_wconf 88' lang='lat' dir='ltr'>Ad</span> <span class='ocrx_word' id='word_1_89' title='bbox 151 1276 273 1347; x_wconf 85' lang='lat' dir='ltr'>gemitum</span> <span class='ocrx_word' id='word_1_90' title='bbox 296 1275 427 1330; x_wconf 88' lang='lat' dir='ltr'>morientis</span> <span class='ocrx_word' id='word_1_91' title='bbox 449 1276 557 1347; x_wconf 83' lang='lat' dir='ltr'>ingressi</span> <span class='ocrx_word' id='word_1_92' title='bbox 584 1275 670 1331; x_wconf 87' lang='lat' dir='ltr'>liberti</span> <span class='ocrx_word' id='word_1_93' title='bbox 697 1275 821 1344; x_wconf 79' lang='lat' dir='ltr'>servique,</span> <span class='ocrx_word' id='word_1_94' title='bbox 845 1277 896 1328; x_wconf 69' lang='lat' dir='ltr'>eti</span> 
     </span>
     <span class='ocr_line' id='line_1_15' title="bbox 79 1351 872 1425; baseline -0.006 -15"><span class='ocrx_word' id='word_1_95' title='bbox 79 1353 182 1410; x_wconf 89' lang='lat' dir='ltr'>Plotius</span> <span class='ocrx_word' id='word_1_96' title='bbox 205 1353 305 1408; x_wconf 72' lang='lat' dir='ltr'>Funus</span> <span class='ocrx_word' id='word_1_97' title='bbox 328 1353 442 1424; x_wconf 77' lang='lat' dir='ltr'>pretorii</span> <span class='ocrx_word' id='word_1_98' title='bbox 465 1353 600 1425; x_wconf 76' lang='lat' dir='ltr'>prefectus</span> <span class='ocrx_word' id='word_1_99' title='bbox 621 1371 700 1407; x_wconf 90' lang='lat' dir='ltr'>unum</span> <span class='ocrx_word' id='word_1_100' title='bbox 721 1351 813 1407; x_wconf 83' lang='lat' dir='ltr'>vulnus</span> <span class='ocrx_word' id='word_1_101' title='bbox 836 1351 872 1405; x_wconf 94' lang='lat' dir='ltr'>in-</span> 
     </span>
     <span class='ocr_line' id='line_1_16' title="bbox 80 1428 872 1500; baseline -0.005 -14"><span class='ocrx_word' id='word_1_102' title='bbox 80 1448 182 1486; x_wconf 87' lang='lat' dir='ltr'>venere.</span> <span class='ocrx_word' id='word_1_103' title='bbox 207 1429 294 1484; x_wconf 69' lang='lat' dir='ltr'>nunus</span> <span class='ocrx_word' id='word_1_104' title='bbox 307 1434 472 1484; x_wconf 81' lang='lat' dir='ltr'>maturatum.</span> <span class='ocrx_word' id='word_1_105' title='bbox 501 1429 652 1485; x_wconf 88' lang='lat' dir='ltr'>Ambitiosis</span> <span class='ocrx_word' id='word_1_106' title='bbox 664 1428 691 1484; x_wconf 91' lang='lat' dir='ltr'>id</span> <span class='ocrx_word' id='word_1_107' title='bbox 702 1428 819 1500; x_wconf 84' lang='lat' dir='ltr'>precibus</span> <span class='ocrx_word' id='word_1_108' title='bbox 831 1447 872 1499; x_wconf 88' lang='lat' dir='ltr'>pe·</span> 
     </span>
     <span class='ocr_line' id='line_1_17' title="bbox 79 1505 896 1578; baseline -0.002 -16"><span class='ocrx_word' id='word_1_109' title='bbox 79 1507 166 1572; x_wconf 81' lang='lat' dir='ltr'>tieret,</span> <span class='ocrx_word' id='word_1_110' title='bbox 179 1524 212 1561; x_wconf 93' lang='lat' dir='ltr'>ne</span> <span class='ocrx_word' id='word_1_111' title='bbox 224 1525 263 1560; x_wconf 83' lang='lat' dir='ltr'>am</span> <span class='ocrx_word' id='word_1_112' title='bbox 282 1509 400 1561; x_wconf 80' lang='lat' dir='ltr'>uteretur</span> <span class='ocrx_word' id='word_1_113' title='bbox 411 1507 488 1578; x_wconf 74' lang='lat' dir='ltr'>&#39;eaput</span> <span class='ocrx_word' id='word_1_114' title='bbox 500 1506 609 1562; x_wconf 90' lang='lat' dir='ltr'>ludibrio</span> <span class='ocrx_word' id='word_1_115' title='bbox 620 1507 744 1560; x_wconf 84' lang='lat' dir='ltr'>futurum.</span> <span class='ocrx_word' id='word_1_116' title='bbox 781 1505 896 1561; x_wconf 74' lang='lat' dir='ltr'>&#39;Iuleret</span> 
     </span>
     <span class='ocr_line' id='line_1_18' title="bbox 81 1525 871 1656; baseline -0.004 -17"><span class='ocrx_word' id='word_1_117' title='bbox 81 1599 173 1656; x_wconf 85' lang='lat' dir='ltr'>eorpus</span> <span class='ocrx_word' id='word_1_118' title='bbox 196 1525 321 1653; x_wconf 64' lang='lat' dir='ltr'>proetdiee</span> <span class='ocrx_word' id='word_1_119' title='bbox 345 1583 469 1650; x_wconf 79' lang='lat' dir='ltr'>cohortes,</span> <span class='ocrx_word' id='word_1_120' title='bbox 489 1601 548 1638; x_wconf 88' lang='lat' dir='ltr'>oum</span> <span class='ocrx_word' id='word_1_121' title='bbox 567 1583 684 1638; x_wconf 83' lang='lat' dir='ltr'>leudibus</span> <span class='ocrx_word' id='word_1_122' title='bbox 708 1586 735 1637; x_wconf 91' lang='lat' dir='ltr'>et</span> <span class='ocrx_word' id='word_1_123' title='bbox 754 1581 871 1648; x_wconf 78' lang='lat' dir='ltr'>lacrimis,</span> 
     </span>
     <span class='ocr_line' id='line_1_19' title="bbox 80 1659 896 1730; baseline -0.001 -14"><span class='ocrx_word' id='word_1_124' title='bbox 80 1660 173 1716; x_wconf 82' lang='lat' dir='ltr'>vulnus</span> <span class='ocrx_word' id='word_1_125' title='bbox 191 1677 331 1730; x_wconf 84' lang='lat' dir='ltr'>manusque</span> <span class='ocrx_word' id='word_1_126' title='bbox 347 1659 401 1730; x_wconf 89' lang='lat' dir='ltr'>ejus</span> <span class='ocrx_word' id='word_1_127' title='bbox 419 1660 601 1716; x_wconf 70' lang='lat' dir='ltr'>exosculantes.</span> <span class='ocrx_word' id='word_1_128' title='bbox 639 1659 747 1726; x_wconf 81' lang='lat' dir='ltr'>Quidum</span> <span class='ocrx_word' id='word_1_129' title='bbox 763 1659 896 1715; x_wconf 77' lang='lat' dir='ltr'>militumo</span> 
     </span>
     <span class='ocr_line' id='line_1_20' title="bbox 79 1735 871 1808; baseline -0.001 -18"><span class='ocrx_word' id='word_1_130' title='bbox 79 1738 156 1808; x_wconf 80' lang='lat' dir='ltr'>juxte</span> <span class='ocrx_word' id='word_1_131' title='bbox 166 1753 256 1807; x_wconf 86' lang='lat' dir='ltr'>rogum</span> <span class='ocrx_word' id='word_1_132' title='bbox 270 1735 421 1790; x_wconf 71' lang='lat' dir='ltr'>interiecere</span> <span class='ocrx_word' id='word_1_133' title='bbox 433 1755 468 1802; x_wconf 91' lang='lat' dir='ltr'>se,</span> <span class='ocrx_word' id='word_1_134' title='bbox 481 1755 531 1791; x_wconf 92' lang='lat' dir='ltr'>non</span> <span class='ocrx_word' id='word_1_135' title='bbox 548 1755 615 1792; x_wconf 80' lang='lat' dir='ltr'>noxa</span> <span class='ocrx_word' id='word_1_136' title='bbox 625 1755 708 1807; x_wconf 86' lang='lat' dir='ltr'>neque</span> <span class='ocrx_word' id='word_1_137' title='bbox 721 1736 754 1791; x_wconf 92' lang='lat' dir='ltr'>ob</span> <span class='ocrx_word' id='word_1_138' title='bbox 766 1739 871 1800; x_wconf 86' lang='lat' dir='ltr'>metum,</span> 
     </span>
     <span class='ocr_line' id='line_1_21' title="bbox 81 1812 897 1884; baseline 0.002 -16"><span class='ocrx_word' id='word_1_139' title='bbox 81 1812 128 1868; x_wconf 86' lang='lat' dir='ltr'>sed</span> <span class='ocrx_word' id='word_1_140' title='bbox 140 1812 298 1867; x_wconf 78' lang='lat' dir='ltr'>emulatione</span> <span class='ocrx_word' id='word_1_141' title='bbox 307 1812 404 1867; x_wconf 86' lang='lat' dir='ltr'>decoris</span> <span class='ocrx_word' id='word_1_142' title='bbox 416 1816 443 1867; x_wconf 92' lang='lat' dir='ltr'>et</span> <span class='ocrx_word' id='word_1_143' title='bbox 452 1814 558 1868; x_wconf 78' lang='lat' dir='ltr'>caritate</span> <span class='ocrx_word' id='word_1_144' title='bbox 569 1813 697 1884; x_wconf 79' lang='lat' dir='ltr'>principis.</span> <span class='ocrx_word' id='word_1_145' title='bbox 734 1813 773 1866; x_wconf 81' lang='lat' dir='ltr'>Ao</span> <span class='ocrx_word' id='word_1_146' title='bbox 784 1815 897 1882; x_wconf 74' lang='lat' dir='ltr'>posteat</span> 
     </span>
     <span class='ocr_line' id='line_1_22' title="bbox 81 1886 874 1960; baseline 0 -18"><span class='ocrx_word' id='word_1_147' title='bbox 81 1886 874 1960; x_wconf 79' lang='lat' dir='ltr'>promiscueBedriaoi,Plaeentire,eiiisqueinoestris,oelebra·</span> 
     </span>
     <span class='ocr_line' id='line_1_23' title="bbox 81 1963 897 2036; baseline 0 -18"><span class='ocrx_word' id='word_1_148' title='bbox 81 1969 140 2018; x_wconf 89' lang='lat' dir='ltr'>tum</span> <span class='ocrx_word' id='word_1_149' title='bbox 162 1963 190 2016; x_wconf 93' lang='lat' dir='ltr'>id</span> <span class='ocrx_word' id='word_1_150' title='bbox 205 1981 286 2032; x_wconf 86' lang='lat' dir='ltr'>genus</span> <span class='ocrx_word' id='word_1_151' title='bbox 303 1964 400 2018; x_wconf 89' lang='lat' dir='ltr'>mortis.</span> <span class='ocrx_word' id='word_1_152' title='bbox 437 1965 534 2019; x_wconf 90' lang='lat' dir='ltr'>Othoni</span> <span class='ocrx_word' id='word_1_153' title='bbox 551 1965 696 2036; x_wconf 84' lang='lat' dir='ltr'>sepulerum</span> <span class='ocrx_word' id='word_1_154' title='bbox 713 1968 897 2018; x_wconf 81' lang='lat' dir='ltr'>exstruetum8</span> 
     </span>
     <span class='ocr_line' id='line_1_24' title="bbox 83 2037 874 2096; baseline 0.003 -4"><span class='ocrx_word' id='word_1_155' title='bbox 83 2042 125 2092; x_wconf 88' lang='lat' dir='ltr'>est</span> <span class='ocrx_word' id='word_1_156' title='bbox 141 2037 269 2090; x_wconf 77' lang='lat' dir='ltr'>modinum</span> <span class='ocrx_word' id='word_1_157' title='bbox 288 2041 315 2092; x_wconf 92' lang='lat' dir='ltr'>et</span> <span class='ocrx_word' id='word_1_158' title='bbox 331 2057 485 2093; x_wconf 86' lang='lat' dir='ltr'>mansurum.</span> <span class='ocrx_word' id='word_1_159' title='bbox 521 2041 600 2096; x_wconf 86' lang='lat' dir='ltr'>Hune</span> <span class='ocrx_word' id='word_1_160' title='bbox 617 2041 677 2095; x_wconf 74' lang='lat' dir='ltr'>vitm</span> <span class='ocrx_word' id='word_1_161' title='bbox 693 2041 768 2094; x_wconf 86' lang='lat' dir='ltr'>finem</span> <span class='ocrx_word' id='word_1_162' title='bbox 785 2040 874 2094; x_wconf 84' lang='lat' dir='ltr'>hebuit</span> 
     </span>
     <span class='ocr_line' id='line_1_25' title="bbox 84 2111 921 2186; baseline 0.005 -19"><span class='ocrx_word' id='word_1_163' title='bbox 84 2111 193 2182; x_wconf 85' lang='lat' dir='ltr'>septimo</span> <span class='ocrx_word' id='word_1_164' title='bbox 212 2115 238 2165; x_wconf 93' lang='lat' dir='ltr'>et</span> <span class='ocrx_word' id='word_1_165' title='bbox 255 2113 383 2167; x_wconf 82' lang='lat' dir='ltr'>tricesimo</span> <span class='ocrx_word' id='word_1_166' title='bbox 399 2116 481 2168; x_wconf 77' lang='lat' dir='ltr'>etatis</span> <span class='ocrx_word' id='word_1_167' title='bbox 494 2125 567 2169; x_wconf 71' lang='lat' dir='ltr'>anno:</span> <span class='ocrx_word' id='word_1_168' title='bbox 603 2116 683 2186; x_wconf 79' lang='lat' dir='ltr'>Origo</span> <span class='ocrx_word' id='word_1_169' title='bbox 695 2115 732 2168; x_wconf 89' lang='lat' dir='ltr'>illi</span> <span class='ocrx_word' id='word_1_170' title='bbox 744 2133 758 2169; x_wconf 89' lang='lat' dir='ltr'>e</span> <span class='ocrx_word' id='word_1_171' title='bbox 769 2115 875 2170; x_wconf 90' lang='lat' dir='ltr'>munioi-</span> <span class='ocrx_word' id='word_1_172' title='bbox 885 2118 921 2171; x_wconf 80' lang='lat'>50</span> 
     </span>
     <span class='ocr_line' id='line_1_26' title="bbox 83 2188 875 2262; baseline 0.003 -18"><span class='ocrx_word' id='word_1_173' title='bbox 83 2189 127 2261; x_wconf 89' lang='lat' dir='ltr'>pio</span> <span class='ocrx_word' id='word_1_174' title='bbox 139 2188 283 2254; x_wconf 78' lang='lat' dir='ltr'>Ferentino,</span> <span class='ocrx_word' id='word_1_175' title='bbox 296 2193 369 2258; x_wconf 85' lang='lat' dir='ltr'>pater</span> <span class='ocrx_word' id='word_1_176' title='bbox 381 2191 527 2257; x_wconf 81' lang='lat' dir='ltr'>consuleris,</span> <span class='ocrx_word' id='word_1_177' title='bbox 541 2209 603 2246; x_wconf 78' lang='lat' dir='ltr'>avus</span> <span class='ocrx_word' id='word_1_178' title='bbox 616 2192 766 2262; x_wconf 55' lang='lat' dir='ltr'>praetorium</span> <span class='ocrx_word' id='word_1_179' title='bbox 784 2196 875 2246; x_wconf 58' lang='lat' dir='ltr'>matera</span> 
     </span>
     <span class='ocr_line' id='line_1_27' title="bbox 83 2265 899 2336; baseline 0.002 -14"><span class='ocrx_word' id='word_1_180' title='bbox 83 2284 146 2322; x_wconf 88' lang='lat' dir='ltr'>num</span> <span class='ocrx_word' id='word_1_181' title='bbox 158 2283 240 2336; x_wconf 85' lang='lat' dir='ltr'>genus</span> <span class='ocrx_word' id='word_1_182' title='bbox 257 2265 345 2336; x_wconf 79' lang='lat' dir='ltr'>imper,</span> <span class='ocrx_word' id='word_1_183' title='bbox 358 2283 405 2320; x_wconf 86' lang='lat' dir='ltr'>nee</span> <span class='ocrx_word' id='word_1_184' title='bbox 422 2271 508 2321; x_wconf 81' lang='lat' dir='ltr'>tamen</span> <span class='ocrx_word' id='word_1_185' title='bbox 523 2266 678 2322; x_wconf 77' lang='lat' dir='ltr'>indecorum.</span> <span class='ocrx_word' id='word_1_186' title='bbox 715 2267 829 2322; x_wconf 85' lang='lat' dir='ltr'>Pueritio</span> <span class='ocrx_word' id='word_1_187' title='bbox 846 2279 899 2325; x_wconf 82' lang='lat' dir='ltr'>oo2</span> 
     </span>
     <span class='ocr_line' id='line_1_28' title="bbox 80 2341 873 2416; baseline 0.004 -19"><span class='ocrx_word' id='word_1_188' title='bbox 80 2343 197 2416; x_wconf 81' lang='lat' dir='ltr'>juvente,</span> <span class='ocrx_word' id='word_1_189' title='bbox 223 2341 322 2413; x_wconf 74' lang='lat' dir='ltr'>qualem</span> <span class='ocrx_word' id='word_1_190' title='bbox 344 2343 548 2398; x_wconf 80' lang='lat' dir='ltr'>monstravimus.</span> <span class='ocrx_word' id='word_1_191' title='bbox 585 2343 692 2399; x_wconf 89' lang='lat' dir='ltr'>Duobus</span> <span class='ocrx_word' id='word_1_192' title='bbox 711 2343 873 2412; x_wconf 78' lang='lat' dir='ltr'>iecinoribus,</span> 
     </span>
     <span class='ocr_line' id='line_1_29' title="bbox 83 2414 876 2495; baseline 0.008 -22"><span class='ocrx_word' id='word_1_193' title='bbox 83 2420 164 2474; x_wconf 79' lang='lat' dir='ltr'>sltem</span> <span class='ocrx_word' id='word_1_194' title='bbox 182 2414 389 2490; x_wconf 79' lang='lat' dir='ltr'>flagitiosissimo,</span> <span class='ocrx_word' id='word_1_195' title='bbox 408 2419 488 2474; x_wconf 83' lang='lat' dir='ltr'>altero</span> <span class='ocrx_word' id='word_1_196' title='bbox 507 2421 618 2492; x_wconf 78' lang='lat' dir='ltr'>egregio,</span> <span class='ocrx_word' id='word_1_197' title='bbox 637 2415 789 2477; x_wconf 80' lang='lat' dir='ltr'>tantundem</span> <span class='ocrx_word' id='word_1_198' title='bbox 808 2424 876 2495; x_wconf 77' lang='lat' dir='ltr'>apud</span> 
     </span>
     <span class='ocr_line' id='line_1_30' title="bbox 80 2496 899 2568; baseline 0.006 -18"><span class='ocrx_word' id='word_1_199' title='bbox 80 2500 200 2568; x_wconf 76' lang='lat' dir='ltr'>posteros</span> <span class='ocrx_word' id='word_1_200' title='bbox 215 2497 308 2552; x_wconf 89' lang='lat' dir='ltr'>meruit</span> <span class='ocrx_word' id='word_1_201' title='bbox 324 2496 396 2552; x_wconf 72' lang='lat' dir='ltr'>bonne</span> <span class='ocrx_word' id='word_1_202' title='bbox 410 2497 484 2552; x_wconf 84' lang='lat' dir='ltr'>femee</span> <span class='ocrx_word' id='word_1_203' title='bbox 502 2505 626 2568; x_wconf 82' lang='lat' dir='ltr'>quantum</span> <span class='ocrx_word' id='word_1_204' title='bbox 641 2499 721 2555; x_wconf 75' lang='lat' dir='ltr'>male.</span> <span class='ocrx_word' id='word_1_205' title='bbox 758 2500 797 2556; x_wconf 90' lang='lat' dir='ltr'>Ut</span> <span class='ocrx_word' id='word_1_206' title='bbox 815 2509 899 2558; x_wconf 81' lang='lat' dir='ltr'>oon-8</span> 
     </span>
     <span class='ocr_line' id='line_1_31' title="bbox 84 2573 875 2648; baseline 0.009 -21"><span class='ocrx_word' id='word_1_207' title='bbox 84 2573 184 2644; x_wconf 90' lang='lat' dir='ltr'>quirere</span> <span class='ocrx_word' id='word_1_208' title='bbox 205 2573 320 2628; x_wconf 81' lang='lat' dir='ltr'>fabulose</span> <span class='ocrx_word' id='word_1_209' title='bbox 343 2577 370 2628; x_wconf 90' lang='lat' dir='ltr'>et</span> <span class='ocrx_word' id='word_1_210' title='bbox 389 2573 456 2628; x_wconf 87' lang='lat' dir='ltr'>fietis</span> <span class='ocrx_word' id='word_1_211' title='bbox 477 2573 604 2632; x_wconf 82' lang='lat' dir='ltr'>obleetare</span> <span class='ocrx_word' id='word_1_212' title='bbox 620 2576 759 2648; x_wconf 88' lang='lat' dir='ltr'>legentium</span> <span class='ocrx_word' id='word_1_213' title='bbox 779 2579 875 2634; x_wconf 84' lang='lat' dir='ltr'>animos</span> 
     </span>
     <span class='ocr_line' id='line_1_32' title="bbox 83 2648 875 2726; baseline 0.006 -22"><span class='ocrx_word' id='word_1_214' title='bbox 83 2648 173 2720; x_wconf 78' lang='lat' dir='ltr'>procul</span> <span class='ocrx_word' id='word_1_215' title='bbox 191 2650 317 2720; x_wconf 77' lang='lat' dir='ltr'>gravitate</span> <span class='ocrx_word' id='word_1_216' title='bbox 335 2650 412 2722; x_wconf 88' lang='lat' dir='ltr'>eoepti</span> <span class='ocrx_word' id='word_1_217' title='bbox 429 2651 512 2722; x_wconf 87' lang='lat' dir='ltr'>operis</span> <span class='ocrx_word' id='word_1_218' title='bbox 531 2652 686 2719; x_wconf 77' lang='lat' dir='ltr'>crediderim,</span> <span class='ocrx_word' id='word_1_219' title='bbox 705 2656 744 2708; x_wconf 85' lang='lat' dir='ltr'>ito</span> <span class='ocrx_word' id='word_1_220' title='bbox 764 2654 875 2726; x_wconf 76' lang='lat' dir='ltr'>vulgetis</span> 
     </span>
     <span class='ocr_line' id='line_1_33' title="bbox 84 2724 901 2802; baseline 0.007 -23"><span class='ocrx_word' id='word_1_221' title='bbox 84 2724 237 2796; x_wconf 71' lang='lat' dir='ltr'>traditisque</span> <span class='ocrx_word' id='word_1_222' title='bbox 249 2726 350 2782; x_wconf 88' lang='lat' dir='ltr'>demere</span> <span class='ocrx_word' id='word_1_223' title='bbox 360 2727 435 2782; x_wconf 89' lang='lat' dir='ltr'>fidem</span> <span class='ocrx_word' id='word_1_224' title='bbox 444 2745 496 2782; x_wconf 90' lang='lat' dir='ltr'>non</span> <span class='ocrx_word' id='word_1_225' title='bbox 508 2729 596 2784; x_wconf 82' lang='lat' dir='ltr'>ausim.</span> <span class='ocrx_word' id='word_1_226' title='bbox 633 2730 684 2785; x_wconf 91' lang='lat' dir='ltr'>Die</span> <span class='ocrx_word' id='word_1_227' title='bbox 697 2748 747 2802; x_wconf 89' lang='lat' dir='ltr'>quo</span> <span class='ocrx_word' id='word_1_228' title='bbox 758 2730 901 2785; x_wconf 81' lang='lat' dir='ltr'>Bedriuoi4</span> 
     </span>
    </p>
   </div>
   <div class='ocr_carea' id='block_1_3' title="bbox 0 0 1061 3038">
    <p class='ocr_par' dir='ltr' id='par_1_3' title="bbox 0 0 1061 3038">
     <span class='ocr_line' id='line_1_34' title="bbox 0 0 1061 3038; baseline 0 0"><span class='ocrx_word' id='word_1_229' title='bbox 0 0 1061 3038; x_wconf 95' lang='lat' dir='ltr'> </span> 
     </span>
    </p>
   </div>
   <div class='ocr_carea' id='block_1_4' title="bbox 84 2800 878 2876">
    <p class='ocr_par' dir='ltr' id='par_1_4' title="bbox 84 2800 878 2876">
     <span class='ocr_line' id='line_1_35' title="bbox 84 2800 878 2876; baseline 0.001 -20"><span class='ocrx_word' id='word_1_230' title='bbox 84 2800 238 2869; x_wconf 71' lang='lat' dir='ltr'>certabatur,</span> <span class='ocrx_word' id='word_1_231' title='bbox 251 2821 324 2860; x_wconf 82' lang='lat' dir='ltr'>ovem</span> <span class='ocrx_word' id='word_1_232' title='bbox 339 2803 470 2861; x_wconf 79' lang='lat' dir='ltr'>invisitato</span> <span class='ocrx_word' id='word_1_233' title='bbox 486 2805 570 2876; x_wconf 84' lang='lat' dir='ltr'>speeie</span> <span class='ocrx_word' id='word_1_234' title='bbox 586 2805 654 2876; x_wconf 82' lang='lat' dir='ltr'>opud</span> <span class='ocrx_word' id='word_1_235' title='bbox 672 2805 783 2875; x_wconf 80' lang='lat' dir='ltr'>Regium</span> <span class='ocrx_word' id='word_1_236' title='bbox 800 2805 878 2872; x_wconf 82' lang='lat' dir='ltr'>Lepi-</span> 
     </span>
    </p>
   </div>
  </div>
 </body>
</html>
