2104 3022
167 128 214 174 ³⁰2
485 129 635 177 TACITUS

166 239 233 300 Quis
251 240 363 312 quinque
379 241 408 296 in
423 241 529 296 Verrem
545 242 622 297 libros
640 241 817 312 exspectabit?
844 239 911 300 Quis
927 239 961 296 de

166 317 316 388 exceptione
334 321 361 372 et
381 317 491 372 formido
509 319 668 388 perpetietur
688 317 732 373 illu
750 318 872 373 immense
890 316 963 372 volu·

166 393 241 458 mino,
262 412 318 465 quae
339 411 385 463 pro
409 395 446 447 M.
458 393 541 448 'lullio
564 398 591 448 et
615 394 682 450 Aulo
707 394 808 450 (lecina
831 393 961 462 legimus?

146 469 306 525 2Praecurrit
329 470 377 525 hoc
397 473 512 540 ternpore
528 470 610 540 judex
631 471 766 535 dicentem,
786 473 821 536 et,
842 470 891 525 nisi
916 473 963 524 eut

168 563 246 601 cursu
264 549 471 618 argumentorum
492 551 537 602 aut
556 547 640 602 colore
659 547 843 602 sententiarum
859 550 903 601 aut
924 547 964 601 ni·

167 626 224 677 tore
237 626 263 677 et
275 623 347 678 cultu
363 622 561 694 descriptionum
579 623 703 679 invitatus
720 625 746 679 et
763 627 898 694 corruptus
912 627 962 688 est,

147 702 300 756 tererentur
319 698 453 754 dicentem.
489 700 591 771 Vulgus
613 718 713 771 quoque
734 699 916 763 assistentium,
935 703 963 754 et

168 775 272 829 affluens
284 778 310 829 et
326 793 407 846 vagus
419 775 527 844 auditor,
540 776 652 831 assuevit
666 777 718 847 jem
730 775 833 846 exigere
848 775 964 830 letitiam

169 855 195 905 et
216 851 430 922 pulchritudinem
447 853 585 919 cretionis3
603 870 650 907 nec
667 852 749 923 magis
767 853 863 922 perfert
880 853 907 905 in
922 852 963 922 ju·

169 926 240 983 dieiis
258 928 359 982 tristem
376 932 403 983 et
420 929 547 998 impexam
564 928 750 1000 antiquitatem,
770 945 846 998 quum
864 928 887 982 si
905 928 963 998 quis

168 1005 195 1058 in
207 1023 286 1059 sceno.
293 1004 382 1059 Roscii
393 1009 438 1059 cut
450 1005 586 1076 Turpionis
599 1004 710 1059 Ambivii
721 1004 861 1075 exprimere
873 1007 964 1074 gestus

147 1081 238 1135 ivelit.
276 1081 333 1135 Jem
349 1099 410 1136 vero
426 1084 532 1152 juvenes
550 1085 577 1136 et
593 1081 621 1136 in
637 1081 694 1152 ipse
709 1079 850 1135 studiorum
871 1079 963 1136 incude

168 1159 253 1228 positi,
270 1159 314 1228 qui
330 1159 458 1228 proiectus
475 1159 515 1214 sui
532 1176 609 1214 conse
626 1163 739 1214 oratores
755 1161 894 1226 sectentur,
910 1175 964 1212 non

168 1235 250 1289 solum
267 1234 362 1300 audire,
376 1235 421 1289 scd
438 1235 515 1290 etiam
530 1236 624 1290 referre
641 1235 743 1289 domum
755 1233 851 1305 aliquid
861 1233 963 1289 illustre

168 1313 195 1365 et
219 1310 322 1381 dignum
346 1311 466 1366 memoria
489 1311 597 1377 volunt;
622 1310 778 1381 moduntque
800 1309 909 1364 invicem
933 1327 964 1366 nc

169 1404 235 1456 srepe
247 1387 274 1441 in
286 1387 396 1442 coloniae
408 1391 435 1442 et
447 1388 588 1458 provincias
601 1405 659 1442 sues
672 1386 793 1451 scribunt,
806 1387 860 1442 sivo
871 1404 964 1442 sensns

170 1462 259 1532 aliquis
272 1467 363 1534 arguto
374 1467 400 1518 et
416 1463 487 1518 brevi
505 1463 632 1518 sententia
647 1462 750 1530 effulsit,
762 1462 815 1518 sivo
833 1462 904 1517 locus
920 1479 965 1517 ex*

148 1537 264 1607 tquisito
285 1542 311 1592 et
332 1540 431 1608 poetico
452 1540 524 1594 cultu
544 1540 645 1594 enituit.
682 1539 803 1610 Erigitur
825 1539 892 1594 enim
910 1538 965 1609 jum

171 1614 202 1668 ab
214 1617 314 1669 oratore
326 1616 402 1670 etiem
414 1617 529 1686 politicus
542 1617 624 1682 decor,
641 1635 693 1671 non
709 1617 781 1672 Accii
798 1620 843 1671 unt
859 1617 966 1672 Pacuvii

171 1693 275 1744 veterno
286 1690 441 1761 inquinatus,
456 1692 500 1746 sed
513 1711 544 1746 ex
556 1693 660 1748 Horatii
672 1697 699 1748 et
711 1693 813 1765 virgtlii
827 1697 853 1749 et
865 1693 966 1748 Lucani

147 1767 279 1822 decoratio
303 1767 425 1838 prolatus.
461 1769 564 1823 Horum
586 1769 667 1840 igitur
687 1769 790 1825 nuribus
815 1773 841 1824 et
860 1769 965 1839 judiciis

170 1843 347 1915 obtemperans
356 1848 502 1900 nostrorum
511 1849 641 1900 oratorum
648 1850 710 1902 uetus
720 1846 848 1917 pulchrior
857 1849 883 1900 et
892 1863 968 1900 orne·

170 1922 220 1977 tior
232 1922 339 1977 exstitit.
375 1923 466 1993 Neque
477 1921 535 1977 idco
547 1923 630 1977 minus
643 1923 756 1978 efficaces
768 1930 829 1977 sunt
838 1922 967 1977 orationes

170 2002 271 2064 nostrae,
284 1998 344 2070 quio
361 1997 394 2052 ed
411 2016 484 2053 eures
499 1998 670 2068 judicantium
686 2017 744 2053 cum
761 1998 893 2069 voluptate
910 2016 967 2068 per·

169 2076 282 2130 veniunt.
302 2074 375 2135 Quid
384 2075 459 2140 eninr,
468 2075 491 2129 si
501 2075 638 2130 infirmiore
650 2075 740 2129 horum
751 2080 893 2146 temporum
903 2078 968 2129 tem·

170 2152 212 2221 pls
225 2151 320 2217 medus,
334 2151 394 2222 quio
406 2169 459 2206 non
470 2150 528 2205 rudi
540 2156 661 2207 caemento
674 2155 701 2206 et
712 2151 861 2206 informibus
873 2150 968 2222 tegulis

171 2231 350 2294 exstruuntur,
362 2227 408 2283 sed
418 2245 543 2283 marmore
555 2228 638 2282 nitent
650 2231 677 2282 et
689 2245 751 2282 suro
763 2228 913 2282 radientur?

125 2303 162 2356 21
207 2305 355 2375 “Equidem
367 2303 467 2359 fatebor
478 2305 550 2359 vobis
562 2304 716 2375 simpliciter,
726 2322 766 2359 me
778 2304 805 2359 in
817 2304 968 2376 quibusdam

171 2379 333 2449 antiquorum
350 2381 395 2435 vix
413 2381 500 2445 risum,
520 2381 548 2434 in
566 2381 715 2451 quibusdem
733 2385 819 2436 cutem
837 2381 881 2435 vix
900 2397 968 2434 som·

172 2471 232 2506 num
243 2457 338 2509 tenere.
375 2456 400 2509 N
402 2474 431 2510 ec
442 2475 522 2510 unum
535 2455 567 2510 de
582 2457 677 2527 populo
689 2457 707 2527 †
720 2457 828 2512 Canuti:
848 2459 893 2510 eut
909 2455 969 2510 Atti

171 2527 202 2581 de
222 2527 318 2582 Furnio
335 2533 362 2583 et
380 2531 488 2586 Toranio
506 2532 601 2602 quique
618 2533 680 2588 ulios
697 2534 725 2588 in
743 2533 831 2590 eodem
843 2532 970 2588 valetudi-

170 2602 243 2656 nario
263 2602 318 2657 hoec
338 2620 396 2658 csso
416 2613 443 2659 et
464 2608 531 2662 hanc
549 2609 654 2664 maciem
673 2609 790 2680 probent.
827 2609 887 2680 Ipse
906 2609 971 2664 mihi

171 2677 272 2745 Calvus,
284 2695 342 2732 cum
357 2696 437 2733 unum
449 2685 475 2736 et
488 2683 587 2752 viginti,
600 2687 630 2738 ut
647 2689 717 2756 puto,
734 2685 811 2742 libros
829 2684 967 2755 reliquerit,
