2086 3026
155 100 201 153 17⁶
491 95 612 144 'tecm

788 158 822 218 [a
833 155 861 195 u.
871 129 894 195 o.
905 157 949 197 aaa

154 210 261 268 Gaecirm
273 207 366 264 edicto.
396 207 432 263 nt
445 207 580 279 praefectus
592 207 705 263 cohortis
713 223 728 262 e
737 207 820 271 viche,
830 205 952 276 Alpinius

132 289 306 352 2Morrtanus,
325 285 455 340 fortunam
472 284 584 355 partium
602 302 713 355 praesens
731 282 867 338 fatebatur.
904 282 955 336 Di·

154 364 224 420 versi
234 363 294 418 hinc
305 365 391 418 motus
403 359 552 416 animorum.
587 361 691 415 Auxilia
702 379 716 415 e
730 359 818 426 Gallia,
831 360 891 429 quis
904 377 955 414 nec

156 457 227 496 amor
240 457 322 510 neque
339 438 425 493 odium
442 438 470 492 iu
485 440 579 508 partes,
597 437 688 492 militia
704 439 760 492 sine
777 436 878 501 affectu,
894 435 957 489 hor-

156 517 271 572 tantibus
287 515 415 586 praelectis
433 513 521 569 statim
539 531 554 568 a
571 513 677 568 Vitellio
695 513 856 568 desciscunt:
876 515 956 566 vetus

135 593 228 650 amilcs
252 590 427 646 cunctabatur.
463 589 513 644 Sed
534 589 652 661 adigente
675 588 825 644 Hordeonio
850 587 954 654 Flacco,

156 666 312 723 instantibus
338 666 456 732 tribunis,
481 665 546 720 dixit
574 669 769 730 sacramentum,
797 683 851 719 non
878 664 959 720 vultu

156 761 239 814 neque
257 743 340 798 animo
358 743 421 798 satis
439 742 582 809 affirmaua3
613 746 640 798 et
658 761 717 798 cum
732 745 825 797 catera
835 741 905 810 juris
914 741 959 812 ju·

157 819 230 875 randi
246 819 322 874 verba
336 819 507 890 conciperent,
526 819 675 890 Vespasiani
691 835 784 872 nomen
798 817 959 885 haesitantes,

159 901 204 950 aut
215 895 267 950 levi
278 913 408 950 murmure
420 898 446 949 et
458 893 606 966 plerumque
616 895 726 959 silentio,
737 893 959 949 transmittebant.

116 973 246 1029 senecta
258 971 349 1026 deinde
361 988 407 1041 pro
423 971 543 1025 concione
556 971 669 1041 epistole
686 970 792 1025 Antonii
804 969 837 1023 ed
849 969 961 1025 Civilem

161 1048 317 1120 suspiciones
329 1047 439 1102 militnm
451 1047 590 1112 imitavere,
607 1051 729 1118 tauquam
745 1045 776 1100 ed
789 1046 888 1100 socium
900 1065 961 1117 par-

161 1126 226 1180 tium
250 1125 358 1196 scriptae,
383 1127 410 1178 et
439 1122 471 1178 de
495 1123 645 1178 Germanico
675 1123 790 1178 exercitu
818 1123 960 1180 hostiliter.

141 1202 235 1269 aMox,
253 1201 335 1256 allatis
354 1198 495 1256 Geldubam
513 1200 541 1254 in
558 1203 643 1255 castra
659 1199 764 1264 nuntiis,
784 1199 873 1254 eadem
890 1199 961 1257 dicta

163 1278 289 1348 laetaque,
298 1282 325 1333 et
336 1277 429 1332 missus
442 1295 500 1332 cum
511 1276 637 1330 mundatis
646 1276 787 1331 Montanus
800 1275 832 1330 ad
842 1275 960 1346 Civilem,

164 1358 194 1408 ut
213 1353 347 1408 absisteret
368 1353 434 1408 ballo
454 1371 518 1408 neve
538 1356 644 1408 externa
662 1352 738 1407 annis
755 1352 824 1406 falsis
845 1352 962 1407 velaret:
1026 1361 1027 1364 ’

166 1429 189 1483 si
212 1429 399 1500 Vespasianum
420 1430 509 1500 juvare
533 1447 670 1500 aggressus
695 1429 770 1497 forat,
799 1428 963 1483 satisfactum

143 1504 266 1573 comptis.
301 1504 344 1558 Ad
363 1523 394 1558 ea
413 1505 501 1560 Civilis
519 1509 601 1576 primo
619 1505 725 1560 callide:
752 1507 811 1575 post
829 1504 876 1558 ubi
891 1504 964 1560 videt
1025 1545 1026 1554 .

166 1579 319 1633 Montanum
332 1580 493 1650 praeferocem
503 1581 780 1653 ingenioparatumque
789 1581 816 1635 in
824 1599 865 1635 ras
875 1599 964 1648 novas,

166 1663 363 1726 orsusaqucstu
372 1656 540 1727 periculisque
548 1676 604 1729 quae
613 1676 658 1728 per
666 1658 776 1728 quinquo
784 1657 965 1727 etvigintian-

144 1739 213 1786 dnos
225 1732 252 1786 in
264 1732 354 1786 castris
363 1732 485 1788 Romanis
495 1735 661 1800 exhausisset,
673 1738 688 1765 “
696 1735 860 1806 Egregium,’'
872 1734 965 1805 iuquit,

169 1813 185 1837 “
197 1808 307 1878 pretium
319 1807 434 1864 laborum
445 1811 536 1881 recepi,
550 1829 636 1866 neoam
649 1811 737 1865 fratris
752 1814 779 1865 et
790 1809 895 1865 vincula
910 1827 965 1864 mea

168 1888 195 1940 ct
207 1886 362 1941 saevissimas
374 1886 450 1958 hujus
463 1887 590 1942 exercitus
607 1905 689 1953 voces,
709 1887 801 1958 quibus
816 1887 850 1941 ad
867 1889 966 1958 suppli-

147 1963 236 2018 acium
248 1963 345 2034 petitus
354 1967 413 2034 jure
425 1963 540 2035 gentium
553 1981 639 2033 poenas
656 1981 770 2035 reposco.
806 1963 862 2017 Vos
880 1968 966 2018 autem

170 2039 268 2095 Treviri
285 2043 432 2110 ceteraque
450 2039 613 2094 servientium
633 2040 730 2107 animae,
747 2039 815 2110 quod
833 2041 967 2109 proemium
1024 2049 1025 2054 ’

170 2116 244 2170 effusi
261 2117 339 2186 toties
358 2116 488 2187 sauguinis
507 2117 663 2186 exspectatis
681 2117 732 2170 nisi
749 2116 878 2187 ingratam
904 2116 968 2170 mili·
1023 2143 1024 2160 r

170 2192 241 2252 tiam
253 2193 407 2246 immortalia
418 2191 522 2257 tributa,
539 2192 632 2262 virgas,
644 2210 746 2248 secures
763 2197 789 2246 et
807 2191 967 2246 dominorum
1023 2165 1024 2216 l

151 2264 291 2331 cingente?
309 2267 351 2319 En
368 2285 415 2336 ego
427 2268 563 2337 prefectus
575 2268 651 2321 unius
668 2269 779 2322 cohortis
797 2271 823 2322 et
842 2267 968 2323 Oannine

173 2335 238 2387 lates
262 2337 411 2406 Batavique,
436 2342 528 2411 exigrm
552 2343 691 2396 Galliarum
715 2345 806 2413 portio,
831 2361 900 2398 vana
929 2344 971 2398 illu

174 2410 315 2490 castrorum
339 2413 421 2478 spatie
443 2417 590 2484 excidimus,
614 2418 655 2472 vel
673 2423 746 2489 septa
763 2420 831 2474 lerro
850 2419 971 2491 fameque

175 2493 320 2562 pmmumus.
356 2483 474 2566 Denique
492 2508 566 2545 ausos
585 2497 630 2547 aut
648 2493 752 2548 libertas
770 2499 905 2566 sequetur,
927 2499 970 2550 aut

157 2555 240 2632 lylctl
250 2550 325 2636 fldem
338 2561 456 2638 cramus?
485 2564 527 2617 Sic
539 2583 679 2634 accensum,
689 2569 734 2624 sed
746 2571 862 2624 molliora
874 2572 971 2627 relerra
1022 2583 1023 2641 l

174 2637 275 2687 Jussslffll
287 2623 400 2682 dllsslttll·
437 2631 484 2688 Illa
496 2640 526 2690 ut
537 2638 625 2696 irritus
641 2643 775 2713 legationis
787 2645 863 2714 redit,
877 2652 971 2704 caetera
1021 2669 1022 2690 ³
