2086 3026
70 190 98 226 A·
108 186 133 226 D.
144 185 186 236 m]
263 123 520 175 meronrnnun
535 125 565 175 V.
583 128 670 177 8-12.
827 131 873 180 Μ

69 253 202 306 exeepere.
239 233 294 296 Qui
305 235 352 292 ubi
362 237 417 292 lato
428 239 474 292 aut
490 238 567 294 tedio
580 237 683 305 ooeidit,
694 239 778 294 missu'
789 238 897 297 Nero-²
919 267 922 272 ·

68 313 110 368 nis
127 312 301 383 Vespasianus
316 312 422 368 fortuna
437 313 554 386 famaque
570 317 598 370 et
614 315 726 387 egregiis
740 315 872 387 ministris,

68 396 139 452 intra
150 395 214 452 duas
226 399 339 462 mmm,
352 401 448 454 ennete
462 413 609 469 eamporum
624 415 763 469 omnesque
779 403 872 470 preter

68 473 251 544 Hierosolyma
262 473 338 529 urbes
350 473 447 529 vietore
459 475 575 530 exercitu
584 475 697 530 tenebat.
733 475 895 532 Proximuse

69 568 160 616 annus,
180 549 249 606 civili
268 549 334 606 bello
353 549 477 616 intentus,
498 555 622 622 qnantum
641 551 674 606 ud
693 551 805 619 intimos,
824 571 871 624 per

69 627 152 682 otium
175 626 286 682 transiit.
322 626 391 682 Paoe
414 645 460 698 per
483 627 585 683 Itnlism
608 632 683 699 parta
706 631 733 684 et
757 633 873 708 externae

69 721 138 759 eure
148 703 254 759 rediere.
290 703 409 774 Augebat
426 704 477 758 iras
493 703 563 774 quod
580 705 628 760 soli
643 704 728 760 Judrei
745 723 797 762 nou
815 725 870 762 ees-

69 780 172 836 siseent.
209 777 290 835 Simul
301 797 404 834 manere
416 778 485 849 apud
497 781 624 836 exereitus
636 781 724 836 Titum
736 781 768 836 ud
780 800 868 840 omnes

68 858 226 929 principetur
238 856 299 912 novi
311 859 419 912 eventus
432 873 538 911 casusve
550 857 641 912 utilius
653 858 794 914 ridebatur.

104 935 199 1006 Igitur,
218 933 319 997 eastris,
337 931 515 996 audirimus,
534 937 594 988 ante
611 934 704 989 moenia
720 935 893 1006 Hierosoly-4

68 1029 169 1066 morum
187 1010 287 1083 positis,
306 1009 446 1062 instructas
465 1007 578 1078 legiones
599 1010 745 1064 ostentarit.
782 1011 868 1066 Judaei
880 1015 912 1070 ll

69 1088 118 1143 snb
130 1088 200 1157 ipsos
211 1102 299 1140 muros
311 1086 428 1138 struxere
444 1083 530 1148 aciem,
543 1084 621 1139 rebns
637 1085 755 1140 secundis
767 1085 868 1156 longius

69 1163 166 1227 ausuri,
184 1165 220 1229 et,
238 1159 261 1214 si
278 1158 440 1228 pellerentur,
457 1163 546 1228 parato
565 1159 689 1230 perfugio.
725 1160 824 1216 Missus
841 1162 869 1216 in

70 1255 115 1292 ees
132 1255 211 1308 eques
229 1253 287 1291 eum
305 1233 431 1304 expeditis
451 1233 598 1290 eohortibus
616 1235 734 1306 ambigue
752 1237 867 1294 certavit.

69 1313 137 1369 Mox
154 1330 254 1368 oessere
271 1311 366 1378 hostes,
380 1314 408 1365 et
425 1311 590 1380 sequentibus
608 1310 698 1366 diebus
716 1311 805 1367 erebra
822 1324 894 1382 pree

68 1389 154 1462 portis
179 1387 266 1460 praelis
291 1386 418 1454 serebant,
436 1386 516 1442 donee
543 1386 651 1443 assiduis
677 1387 775 1443 damnis
800 1388 869 1444 intra

68 1466 165 1522 moenia
187 1465 351 1536 pellerentur.
387 1463 499 1518 Romani
519 1463 551 1518 ud
572 1464 770 1535 oppugnandum
791 1465 866 1522 versi.

69 1543 163 1614 Neque
175 1542 243 1597 enim
250 1540 355 1612 dignum
364 1538 499 1595 videbatur
510 1540 603 1596 famem
615 1541 727 1596 hostium
740 1541 850 1612 opperiri
859 1553 893 1608 rt

68 1619 258 1691 poseebantqne
281 1615 400 1688 pericula,
423 1634 482 1686 pars
505 1617 610 1684 virtute,
628 1617 704 1672 multi
723 1618 818 1674 ieroeia
840 1623 867 1674 et

69 1695 188 1768 cupidine
205 1695 374 1766 premiorum.
410 1692 467 1764 Ipsi
482 1693 541 1749 Tito
559 1695 642 1750 Roma
657 1697 685 1750 et
701 1712 762 1766 opes
778 1695 894 1767 volupe

69 1777 188 1844 tatesqne
199 1775 260 1827 ante
276 1770 382 1835 oeulos;
399 1786 430 1824 ae
446 1769 474 1824 ni
490 1771 578 1826 rtatim
591 1771 770 1843 Hierosolyma
785 1772 867 1828 eenei-

70 1849 168 1915 derent,
192 1847 287 1903 mereri
306 1845 466 1902 ridebantur.
502 1846 553 1901 Sed
576 1845 665 1902 urbem
686 1847 790 1902 arduam
814 1848 892 1909 sitne

69 1943 148 1996 opera
158 1925 289 1994 molesque
300 1923 470 1988 firmaverant,
485 1923 545 1991 quis
561 1922 602 1978 vel
616 1921 692 1992 plana
707 1924 769 1978 satis
785 1923 868 1978 muni·

69 2006 166 2057 rentur.
203 2002 272 2058 Nam
286 1998 351 2053 duos
363 1995 440 2052 eolles
454 1996 605 2052 immensum
617 1997 700 2053 editos
716 1998 867 2054 claudebant

69 2079 137 2134 muri
152 2095 198 2150 per
213 2081 295 2132 artem
312 2071 409 2142 obliqui
423 2075 469 2127 eut
482 2073 609 2128 intrnrsns
626 2074 729 2142 sinuati,
740 2078 770 2130 ut
788 2074 868 2130 latera

69 2154 273 2226 oppugnantium
298 2149 331 2206 ud
354 2149 423 2204 intus
447 2151 616 2220 patescerent.
651 2151 774 2205 Extrema
796 2151 892 2220 rupise

11 2251 12 2276 r
70 2232 197 2302 abrupi„
220 2234 247 2285 et
266 2231 360 2291 turres,
381 2223 427 2280 ubi
450 2242 523 2281 mons
541 2226 660 2296 juvisset,
684 2226 712 2280 in
734 2227 867 2297 sexaginta

11 2283 13 2375 l
69 2306 156 2378 pedes,
174 2307 243 2361 inter
267 2304 364 2360 devexa
387 2300 415 2355 in
441 2306 563 2358 eentenos
588 2302 740 2374 vicenosque
767 2302 867 2358 attolle-

69 2383 172 2449 bantur,
184 2382 249 2436 mira
260 2379 351 2452 speeie,
364 2394 395 2432 ae
412 2378 498 2448 proeul
514 2379 673 2435 intuentibus
692 2397 773 2449 peres.
808 2379 891 2442 ΑΕΗ

69 2461 141 2515 intus
158 2457 258 2523 muenia,
275 2455 352 2527 regine
369 2452 539 2524 circumjecta,
557 2455 743 2528 conspicuoque
761 2456 867 2526 fastigio

70 2535 151 2591 turris
163 2535 285 2600 Antonia,
296 2532 324 2586 in
340 2530 462 2585 honorem
480 2532 519 2586 M.
529 2532 636 2588 Antonii
653 2531 685 2588 ab
703 2532 807 2586 Herode
826 2550 867 2600 ap·

70 2612 173 2683 pellata.
209 2609 341 2680 'l'emplnm
354 2609 381 2662 in
395 2607 496 2662 modum
509 2609 574 2664 areis
586 2609 731 2680 propriique
747 2608 820 2670 muri,
834 2608 867 2660 la·
881 2613 916 2663 12

73 2688 137 2746 bore
149 2690 176 2744 et
188 2705 266 2759 opere
277 2689 337 2742 ante
349 2685 421 2741 elios.
457 2685 524 2756 ipsae
539 2686 662 2757 porticus,
676 2685 733 2755 quis
745 2682 868 2752 templum
