<?xml version="1.0" encoding="UTF-8"?>
<!DOCTYPE html PUBLIC "-//W3C//DTD XHTML 1.0 Transitional//EN"
    "http://www.w3.org/TR/xhtml1/DTD/xhtml1-transitional.dtd">
<html xmlns="http://www.w3.org/1999/xhtml" xml:lang="en" lang="en">
 <head>
  <title>
</title>
<meta http-equiv="Content-Type" content="text/html;charset=utf-8" />
  <meta name='ocr-system' content='tesseract 3.04.00' />
  <meta name='ocr-capabilities' content='ocr_page ocr_carea ocr_par ocr_line ocrx_word'/>
</head>
<body>
  <div class='ocr_page' id='page_1' title='image "./opera01tacigoog_0294.png"; bbox 0 0 2104 3022; ppageno 0'>
   <div class='ocr_carea' id='block_1_1' title="bbox 294 147 887 201">
    <p class='ocr_par' dir='ltr' id='par_1_1' title="bbox 294 147 887 201">
     <span class='ocr_line' id='line_1_1' title="bbox 294 147 887 201; baseline -0.002 -1"><span class='ocrx_word' id='word_1_1' title='bbox 294 152 343 200; x_wconf 82' lang='lat' dir='ltr'><strong>DE</strong></span> <span class='ocrx_word' id='word_1_2' title='bbox 361 149 590 201; x_wconf 75' lang='lat' dir='ltr'><strong>ORATORIBUS</strong></span> <span class='ocrx_word' id='word_1_3' title='bbox 609 150 677 196; x_wconf 80' lang='lat'><strong>1-5.</strong></span> <span class='ocrx_word' id='word_1_4' title='bbox 838 147 887 199; x_wconf 71' lang='lat'><strong>287</strong></span> 
     </span>
    </p>
   </div>
   <div class='ocr_carea' id='block_1_2' title="bbox 82 259 908 938">
    <p class='ocr_par' dir='ltr' id='par_1_2' title="bbox 84 259 886 561">
     <span class='ocr_line' id='line_1_2' title="bbox 87 259 886 336; baseline -0.004 -21"><span class='ocrx_word' id='word_1_5' title='bbox 87 260 178 332; x_wconf 78' lang='lat' dir='ltr'><strong>quenti</strong></span> <span class='ocrx_word' id='word_1_6' title='bbox 193 260 343 317; x_wconf 70' lang='lat' dir='ltr'>recitatione</span> <span class='ocrx_word' id='word_1_7' title='bbox 358 261 484 334; x_wconf 79' lang='lat' dir='ltr'><strong>&#39;I&#39;npestes</strong></span> <span class='ocrx_word' id='word_1_8' title='bbox 500 263 577 318; x_wconf 89' lang='lat' dir='ltr'><strong>dieet.</strong></span> <span class='ocrx_word' id='word_1_9' title='bbox 613 261 690 316; x_wconf 83' lang='lat' dir='ltr'><strong>Hune</strong></span> <span class='ocrx_word' id='word_1_10' title='bbox 706 259 774 314; x_wconf 90' lang='lat' dir='ltr'><strong>enim</strong></span> <span class='ocrx_word' id='word_1_11' title='bbox 790 260 886 336; x_wconf 70' lang='lat' dir='ltr'><strong>tregue·</strong></span> 
     </span>
     <span class='ocr_line' id='line_1_3' title="bbox 84 335 884 409; baseline -0.003 -17"><span class='ocrx_word' id='word_1_12' title='bbox 84 337 155 392; x_wconf 83' lang='lat' dir='ltr'><strong>diem</strong></span> <span class='ocrx_word' id='word_1_13' title='bbox 163 337 276 408; x_wconf 83' lang='lat' dir='ltr'><strong>disposui</strong></span> <span class='ocrx_word' id='word_1_14' title='bbox 281 337 334 408; x_wconf 85' lang='lat' dir='ltr'><strong>jem</strong></span> <span class='ocrx_word' id='word_1_15' title='bbox 346 344 373 393; x_wconf 87' lang='lat' dir='ltr'><strong>et</strong></span> <span class='ocrx_word' id='word_1_16' title='bbox 384 339 453 393; x_wconf 85' lang='lat' dir='ltr'><strong>intre</strong></span> <span class='ocrx_word' id='word_1_17' title='bbox 463 357 504 394; x_wconf 89' lang='lat' dir='ltr'><strong>me</strong></span> <span class='ocrx_word' id='word_1_18' title='bbox 512 339 568 409; x_wconf 90' lang='lat' dir='ltr'><strong>ipse</strong></span> <span class='ocrx_word' id='word_1_19' title='bbox 576 336 691 392; x_wconf 79' lang='lat' dir='ltr'><strong>formeri.</strong></span> <span class='ocrx_word' id='word_1_20' title='bbox 727 337 814 406; x_wconf 82' lang='lat' dir='ltr'><strong>Atque</strong></span> <span class='ocrx_word' id='word_1_21' title='bbox 825 335 884 390; x_wconf 81' lang='lat' dir='ltr'><strong>ideo</strong></span> 
     </span>
     <span class='ocr_line' id='line_1_4' title="bbox 84 412 884 492; baseline -0.003 -24"><span class='ocrx_word' id='word_1_22' title='bbox 84 417 214 468; x_wconf 78' lang='lat' dir='ltr'><strong>maturare</strong></span> <span class='ocrx_word' id='word_1_23' title='bbox 226 413 284 468; x_wconf 87' lang='lat' dir='ltr'>libri</span> <span class='ocrx_word' id='word_1_24' title='bbox 295 413 372 484; x_wconf 84' lang='lat' dir='ltr'><strong>hujus</strong></span> <span class='ocrx_word' id='word_1_25' title='bbox 381 414 518 469; x_wconf 76' lang='lat' dir='ltr'><strong>editionem</strong></span> <span class='ocrx_word' id='word_1_26' title='bbox 527 415 629 478; x_wconf 82' lang='lat' dir='ltr'><strong>festino,</strong></span> <span class='ocrx_word' id='word_1_27' title='bbox 639 416 677 480; x_wconf 90' lang='lat' dir='ltr'><strong>nt,</strong></span> <span class='ocrx_word' id='word_1_28' title='bbox 687 412 791 492; x_wconf 80' lang='lat' dir='ltr'><strong>dimisse</strong></span> <span class='ocrx_word' id='word_1_29' title='bbox 798 412 884 483; x_wconf 85' lang='lat' dir='ltr'><strong>priore</strong></span> 
     </span>
     <span class='ocr_line' id='line_1_5' title="bbox 85 488 766 561; baseline -0.003 -17"><span class='ocrx_word' id='word_1_30' title='bbox 85 505 154 554; x_wconf 77' lang='lat' dir='ltr'><strong>muru,</strong></span> <span class='ocrx_word' id='word_1_31' title='bbox 166 507 239 545; x_wconf 79' lang='lat' dir='ltr'><strong>nove</strong></span> <span class='ocrx_word' id='word_1_32' title='bbox 250 489 399 561; x_wconf 83' lang='lat' dir='ltr'><strong>oogitstioni</strong></span> <span class='ocrx_word' id='word_1_33' title='bbox 411 494 468 545; x_wconf 88' lang='lat' dir='ltr'><strong>toto</strong></span> <span class='ocrx_word' id='word_1_34' title='bbox 481 494 583 561; x_wconf 82' lang='lat' dir='ltr'><strong>peotore</strong></span> <span class='ocrx_word' id='word_1_35' title='bbox 595 488 766 544; x_wconf 81' lang='lat' dir='ltr'><strong>ineumbem.”</strong></span> 
     </span>
    </p>

    <p class='ocr_par' dir='ltr' id='par_1_3' title="bbox 82 563 908 938">
     <span class='ocr_line' id='line_1_6' title="bbox 120 563 908 636; baseline 0.003 -17"><span class='ocrx_word' id='word_1_36' title='bbox 120 565 217 620; x_wconf 87' lang='lat' dir='ltr'><strong>“Adeo</strong></span> <span class='ocrx_word' id='word_1_37' title='bbox 234 568 262 620; x_wconf 85' lang='lat' dir='ltr'><strong>te</strong></span> <span class='ocrx_word' id='word_1_38' title='bbox 279 565 409 636; x_wconf 69' lang='lat' dir='ltr'><strong>tragonis</strong></span> <span class='ocrx_word' id='word_1_39' title='bbox 424 566 481 620; x_wconf 77' lang='lat' dir='ltr'><strong>iste</strong></span> <span class='ocrx_word' id='word_1_40' title='bbox 499 583 553 620; x_wconf 91' lang='lat' dir='ltr'><strong>non</strong></span> <span class='ocrx_word' id='word_1_41' title='bbox 570 563 689 632; x_wconf 81' lang='lat' dir='ltr'><strong>setiunt‚’&#39;</strong></span> <span class='ocrx_word' id='word_1_42' title='bbox 704 564 789 634; x_wconf 85' lang='lat' dir='ltr'><strong>inquit</strong></span> <span class='ocrx_word' id='word_1_43' title='bbox 804 565 908 635; x_wconf 73' lang='lat' dir='ltr'><strong>Apens</strong></span> 
     </span>
     <span class='ocr_line' id='line_1_7' title="bbox 84 640 883 710; baseline 0.003 -16"><span class='ocrx_word' id='word_1_44' title='bbox 84 641 156 710; x_wconf 81' lang='lat' dir='ltr'><strong>“quo</strong></span> <span class='ocrx_word' id='word_1_45' title='bbox 165 641 256 708; x_wconf 86' lang='lat' dir='ltr'><strong>minus,</strong></span> <span class='ocrx_word' id='word_1_46' title='bbox 265 641 550 696; x_wconf 83' lang='lat' dir='ltr'><strong>omissisorationumet</strong></span> <span class='ocrx_word' id='word_1_47' title='bbox 559 658 691 697; x_wconf 82' lang='lat' dir='ltr'><strong>eeusurum</strong></span> <span class='ocrx_word' id='word_1_48' title='bbox 700 640 800 705; x_wconf 84' lang='lat' dir='ltr'><strong>studiis,</strong></span> <span class='ocrx_word' id='word_1_49' title='bbox 809 655 883 696; x_wconf 81' lang='lat' dir='ltr'><strong>omne</strong></span> 
     </span>
     <span class='ocr_line' id='line_1_8' title="bbox 83 715 881 787; baseline 0.003 -17"><span class='ocrx_word' id='word_1_50' title='bbox 83 718 185 786; x_wconf 85' lang='lat' dir='ltr'><strong>tempus</strong></span> <span class='ocrx_word' id='word_1_51' title='bbox 196 716 272 770; x_wconf 88' lang='lat' dir='ltr'><strong>modo</strong></span> <span class='ocrx_word' id='word_1_52' title='bbox 283 716 351 771; x_wconf 81' lang='lat' dir='ltr'><strong>eima</strong></span> <span class='ocrx_word' id='word_1_53' title='bbox 363 717 489 784; x_wconf 78' lang='lat' dir='ltr'>Medeam,</span> <span class='ocrx_word' id='word_1_54' title='bbox 505 735 565 773; x_wconf 82' lang='lat' dir='ltr'><strong>eoos</strong></span> <span class='ocrx_word' id='word_1_55' title='bbox 581 735 650 773; x_wconf 88' lang='lat' dir='ltr'><strong>nune</strong></span> <span class='ocrx_word' id='word_1_56' title='bbox 661 717 731 772; x_wconf 81' lang='lat' dir='ltr'><strong>oiroe</strong></span> <span class='ocrx_word' id='word_1_57' title='bbox 746 715 881 787; x_wconf 75' lang='lat' dir='ltr'>Thyestem</span> 
     </span>
     <span class='ocr_line' id='line_1_9' title="bbox 83 792 883 862; baseline 0.003 -16"><span class='ocrx_word' id='word_1_58' title='bbox 83 807 225 857; x_wconf 82' lang='lat' dir='ltr'><strong>oonsnmus,</strong></span> <span class='ocrx_word' id='word_1_59' title='bbox 238 809 296 847; x_wconf 88' lang='lat' dir='ltr'><strong>eum</strong></span> <span class='ocrx_word' id='word_1_60' title='bbox 312 795 339 847; x_wconf 89' lang='lat' dir='ltr'><strong>te</strong></span> <span class='ocrx_word' id='word_1_61' title='bbox 354 796 395 847; x_wconf 91' lang='lat' dir='ltr'><strong>tot</strong></span> <span class='ocrx_word' id='word_1_62' title='bbox 411 794 550 848; x_wconf 83' lang='lat' dir='ltr'><strong>nmioorum</strong></span> <span class='ocrx_word' id='word_1_63' title='bbox 566 811 657 862; x_wconf 79' lang='lat' dir='ltr'><strong>oeusae,</strong></span> <span class='ocrx_word' id='word_1_64' title='bbox 668 797 711 848; x_wconf 89' lang='lat' dir='ltr'><strong>tot</strong></span> <span class='ocrx_word' id='word_1_65' title='bbox 725 792 883 848; x_wconf 86' lang='lat' dir='ltr'><strong>ooloniurum</strong></span> 
     </span>
     <span class='ocr_line' id='line_1_10' title="bbox 82 868 881 938; baseline 0.005 -17"><span class='ocrx_word' id='word_1_66' title='bbox 82 871 110 922; x_wconf 92' lang='lat' dir='ltr'><strong>et</strong></span> <span class='ocrx_word' id='word_1_67' title='bbox 125 868 319 938; x_wconf 77' lang='lat' dir='ltr'><strong>municipiorum</strong></span> <span class='ocrx_word' id='word_1_68' title='bbox 335 868 458 924; x_wconf 70' lang='lat' dir='ltr'><strong>clientule</strong></span> <span class='ocrx_word' id='word_1_69' title='bbox 474 869 596 924; x_wconf 84' lang='lat' dir='ltr'><strong>inferum</strong></span> <span class='ocrx_word' id='word_1_70' title='bbox 612 872 713 934; x_wconf 81' lang='lat' dir='ltr'><strong>voeent,</strong></span> <span class='ocrx_word' id='word_1_71' title='bbox 727 869 819 938; x_wconf 88' lang='lat' dir='ltr'><strong>quibus</strong></span> <span class='ocrx_word' id='word_1_72' title='bbox 834 870 881 925; x_wconf 86' lang='lat' dir='ltr'><strong>vix</strong></span> 
     </span>
    </p>
   </div>
   <div class='ocr_carea' id='block_1_3' title="bbox 5 943 879 1092">
    <p class='ocr_par' dir='ltr' id='par_1_4' title="bbox 5 943 879 1092">
     <span class='ocr_line' id='line_1_11' title="bbox 5 943 879 1016; baseline 0.01 -24"><span class='ocrx_word' id='word_1_73' title='bbox 5 975 6 992; x_wconf 50' lang='lat' dir='ltr'><strong>t</strong></span> <span class='ocrx_word' id='word_1_74' title='bbox 82 943 337 1012; x_wconf 82' lang='lat' dir='ltr'><strong>suffeoeris,etio1nsi</strong></span> <span class='ocrx_word' id='word_1_75' title='bbox 356 961 408 999; x_wconf 90' lang='lat' dir='ltr'><strong>non</strong></span> <span class='ocrx_word' id='word_1_76' title='bbox 426 961 520 1000; x_wconf 82' lang='lat' dir='ltr'><strong>novum</strong></span> <span class='ocrx_word' id='word_1_77' title='bbox 542 945 589 1000; x_wconf 90' lang='lat' dir='ltr'><strong>tibi</strong></span> <span class='ocrx_word' id='word_1_78' title='bbox 606 946 662 1016; x_wconf 92' lang='lat' dir='ltr'><strong>ipse</strong></span> <span class='ocrx_word' id='word_1_79' title='bbox 681 945 817 1015; x_wconf 82' lang='lat' dir='ltr'><strong>negotium</strong></span> <span class='ocrx_word' id='word_1_80' title='bbox 833 946 879 1001; x_wconf 91' lang='lat' dir='ltr'><strong>im-</strong></span> 
     </span>
     <span class='ocr_line' id='line_1_12' title="bbox 5 1019 878 1092; baseline 0.005 -19"><span class='ocrx_word' id='word_1_81' title='bbox 5 1023 6 1026; x_wconf 74' lang='grc'>’</span> <span class='ocrx_word' id='word_1_82' title='bbox 82 1019 219 1088; x_wconf 76' lang='lat' dir='ltr'><strong>periisses,</strong></span> <span class='ocrx_word' id='word_1_83' title='bbox 231 1019 373 1074; x_wconf 71' lang='lat' dir='ltr'><strong>Domtium</strong></span> <span class='ocrx_word' id='word_1_84' title='bbox 382 1023 409 1074; x_wconf 90' lang='lat' dir='ltr'><strong>et</strong></span> <span class='ocrx_word' id='word_1_85' title='bbox 421 1021 551 1087; x_wconf 83' lang='lat' dir='ltr'><strong>Catonem,</strong></span> <span class='ocrx_word' id='word_1_86' title='bbox 565 1021 651 1086; x_wconf 86' lang='lat' dir='ltr'><strong>idest,</strong></span> <span class='ocrx_word' id='word_1_87' title='bbox 663 1025 765 1075; x_wconf 84' lang='lat' dir='ltr'><strong>nostres</strong></span> <span class='ocrx_word' id='word_1_88' title='bbox 777 1039 878 1092; x_wconf 88' lang='lat' dir='ltr'><strong>quoque</strong></span> 
     </span>
    </p>
   </div>
   <div class='ocr_carea' id='block_1_4' title="bbox 5 1095 906 2311">
    <p class='ocr_par' dir='ltr' id='par_1_5' title="bbox 5 1095 906 2082">
     <span class='ocr_line' id='line_1_13' title="bbox 82 1095 877 1168; baseline 0.001 -18"><span class='ocrx_word' id='word_1_89' title='bbox 82 1095 201 1150; x_wconf 76' lang='lat' dir='ltr'><strong>historias</strong></span> <span class='ocrx_word' id='word_1_90' title='bbox 225 1100 252 1150; x_wconf 86' lang='lat' dir='ltr'><strong>et</strong></span> <span class='ocrx_word' id='word_1_91' title='bbox 275 1096 391 1150; x_wconf 79' lang='lat' dir='ltr'><strong>Romanu</strong></span> <span class='ocrx_word' id='word_1_92' title='bbox 413 1097 521 1163; x_wconf 82' lang='lat' dir='ltr'><strong>nomine,</strong></span> <span class='ocrx_word' id='word_1_93' title='bbox 546 1098 693 1152; x_wconf 74' lang='lat' dir='ltr'><strong>(iraeoomm</strong></span> <span class='ocrx_word' id='word_1_94' title='bbox 717 1095 809 1151; x_wconf 79' lang='lat' dir='ltr'><strong>fabulis</strong></span> <span class='ocrx_word' id='word_1_95' title='bbox 833 1115 877 1168; x_wconf 85' lang='lat' dir='ltr'><strong>og-</strong></span> 
     </span>
     <span class='ocr_line' id='line_1_14' title="bbox 82 1189 906 1315; baseline 0.008 -14"><span class='ocrx_word' id='word_1_96' title='bbox 82 1189 519 1312; x_wconf 57' lang='lat' dir='ltr'><strong>81¹3ligtariiuiernns,“Perturburer</strong></span> <span class='ocrx_word' id='word_1_97' title='bbox 535 1247 583 1302; x_wconf 80' lang='lat' dir='ltr'><strong>hee</strong></span> <span class='ocrx_word' id='word_1_98' title='bbox 603 1251 650 1302; x_wconf 76' lang='lat' dir='ltr'><strong>tuo</strong></span> <span class='ocrx_word' id='word_1_99' title='bbox 665 1249 810 1315; x_wconf 72' lang='lat' dir='ltr'><strong>severitate,</strong></span> <span class='ocrx_word' id='word_1_100' title='bbox 826 1249 906 1310; x_wconf 81' lang='lat' dir='ltr'><strong>nisi4</strong></span> 
     </span>
     <span class='ocr_line' id='line_1_15' title="bbox 80 1323 877 1396; baseline 0.006 -20"><span class='ocrx_word' id='word_1_101' title='bbox 80 1323 202 1392; x_wconf 75' lang='lat' dir='ltr'>frequens</span> <span class='ocrx_word' id='word_1_102' title='bbox 216 1327 246 1378; x_wconf 89' lang='lat' dir='ltr'><strong>et</strong></span> <span class='ocrx_word' id='word_1_103' title='bbox 262 1323 364 1378; x_wconf 80' lang='lat' dir='ltr'><strong>assidue</strong></span> <span class='ocrx_word' id='word_1_104' title='bbox 377 1325 451 1380; x_wconf 86' lang='lat' dir='ltr'><strong>nobis</strong></span> <span class='ocrx_word' id='word_1_105' title='bbox 467 1325 597 1380; x_wconf 87' lang='lat' dir='ltr'><strong>eontentio</strong></span> <span class='ocrx_word' id='word_1_106' title='bbox 609 1328 664 1395; x_wconf 84' lang='lat' dir='ltr'><strong>jem</strong></span> <span class='ocrx_word' id='word_1_107' title='bbox 679 1341 758 1396; x_wconf 78' lang='lat' dir='ltr'><strong>prope</strong></span> <span class='ocrx_word' id='word_1_108' title='bbox 774 1327 802 1380; x_wconf 91' lang='lat' dir='ltr'><strong>in</strong></span> <span class='ocrx_word' id='word_1_109' title='bbox 816 1343 877 1381; x_wconf 89' lang='lat' dir='ltr'><strong>oon·</strong></span> 
     </span>
     <span class='ocr_line' id='line_1_16' title="bbox 81 1399 877 1473; baseline 0.005 -20"><span class='ocrx_word' id='word_1_110' title='bbox 81 1399 244 1454; x_wconf 79' lang='lat' dir='ltr'>suetudinem</span> <span class='ocrx_word' id='word_1_111' title='bbox 259 1399 386 1454; x_wconf 83' lang='lat' dir='ltr'><strong>vertisset.</strong></span> <span class='ocrx_word' id='word_1_112' title='bbox 422 1401 490 1455; x_wconf 86' lang='lat' dir='ltr'><strong>Num</strong></span> <span class='ocrx_word' id='word_1_113' title='bbox 506 1419 554 1456; x_wconf 87' lang='lat' dir='ltr'><strong>neo</strong></span> <span class='ocrx_word' id='word_1_114' title='bbox 572 1405 602 1455; x_wconf 88' lang='lat' dir='ltr'><strong>tu</strong></span> <span class='ocrx_word' id='word_1_115' title='bbox 620 1401 717 1472; x_wconf 80' lang='lat' dir='ltr'><strong>agitare</strong></span> <span class='ocrx_word' id='word_1_116' title='bbox 733 1406 759 1456; x_wconf 82' lang='lat' dir='ltr'><strong>et</strong></span> <span class='ocrx_word' id='word_1_117' title='bbox 777 1403 877 1473; x_wconf 77' lang='lat' dir='ltr'><strong>insequi</strong></span> 
     </span>
     <span class='ocr_line' id='line_1_17' title="bbox 5 1475 875 1548; baseline 0.003 -18"><span class='ocrx_word' id='word_1_118' title='bbox 5 1485 6 1530; x_wconf 64' lang='lat' dir='ltr'><strong>t</strong></span> <span class='ocrx_word' id='word_1_119' title='bbox 80 1477 169 1544; x_wconf 81' lang='lat' dir='ltr'><strong>po&#39;o&#39;tns</strong></span> <span class='ocrx_word' id='word_1_120' title='bbox 187 1475 344 1540; x_wconf 73' lang='lat' dir='ltr'><strong>interimitis,</strong></span> <span class='ocrx_word' id='word_1_121' title='bbox 361 1480 388 1530; x_wconf 89' lang='lat' dir='ltr'><strong>et</strong></span> <span class='ocrx_word' id='word_1_122' title='bbox 406 1493 461 1548; x_wconf 83' lang='lat' dir='ltr'><strong>ego,</strong></span> <span class='ocrx_word' id='word_1_123' title='bbox 481 1477 523 1532; x_wconf 89' lang='lat' dir='ltr'><strong>oui</strong></span> <span class='ocrx_word' id='word_1_124' title='bbox 542 1477 663 1532; x_wconf 81' lang='lat' dir='ltr'><strong>desidium</strong></span> <span class='ocrx_word' id='word_1_125' title='bbox 682 1477 875 1533; x_wconf 72' lang='lat' dir='ltr'><strong>advocationum</strong></span> 
     </span>
     <span class='ocr_line' id='line_1_18' title="bbox 5 1543 877 1624; baseline 0.007 -20"><span class='ocrx_word' id='word_1_126' title='bbox 5 1543 6 1610; x_wconf 61' lang='lat' dir='ltr'>J</span> <span class='ocrx_word' id='word_1_127' title='bbox 80 1549 178 1620; x_wconf 87' lang='lat' dir='ltr'><strong>objiois,</strong></span> <span class='ocrx_word' id='word_1_128' title='bbox 197 1551 373 1623; x_wconf 78' lang='lat' dir='ltr'><strong>quotidianum</strong></span> <span class='ocrx_word' id='word_1_129' title='bbox 391 1551 440 1608; x_wconf 85' lang='lat' dir='ltr'><strong>hoe</strong></span> <span class='ocrx_word' id='word_1_130' title='bbox 460 1553 627 1624; x_wconf 73' lang='lat' dir='ltr'><strong>patrocinium</strong></span> <span class='ocrx_word' id='word_1_131' title='bbox 650 1553 814 1610; x_wconf 79' lang='lat' dir='ltr'><strong>defendendae</strong></span> <span class='ocrx_word' id='word_1_132' title='bbox 834 1554 877 1609; x_wconf 84' lang='lat' dir='ltr'><strong>ed·</strong></span> 
     </span>
     <span class='ocr_line' id='line_1_19' title="bbox 5 1629 901 1702; baseline 0.01 -22"><span class='ocrx_word' id='word_1_133' title='bbox 5 1629 6 1640; x_wconf 61' lang='lat'>¹</span> <span class='ocrx_word' id='word_1_134' title='bbox 80 1644 170 1682; x_wconf 85' lang='lat' dir='ltr'><strong>uersus</strong></span> <span class='ocrx_word' id='word_1_135' title='bbox 186 1631 215 1683; x_wconf 83' lang='lat' dir='ltr'><strong>te</strong></span> <span class='ocrx_word' id='word_1_136' title='bbox 230 1629 336 1698; x_wconf 66' lang='lat' dir='ltr'><strong>poetiooe</strong></span> <span class='ocrx_word' id='word_1_137' title='bbox 352 1647 464 1684; x_wconf 80' lang='lat' dir='ltr'><strong>exemeo.</strong></span> <span class='ocrx_word' id='word_1_138' title='bbox 501 1631 562 1688; x_wconf 75' lang='lat' dir='ltr'><strong>Quo</strong></span> <span class='ocrx_word' id='word_1_139' title='bbox 577 1630 651 1685; x_wconf 78' lang='lat' dir='ltr'><strong>ieter</strong></span> <span class='ocrx_word' id='word_1_140' title='bbox 665 1631 747 1702; x_wconf 78' lang='lat' dir='ltr'><strong>magis</strong></span> <span class='ocrx_word' id='word_1_141' title='bbox 762 1631 901 1690; x_wconf 71' lang='lat' dir='ltr'><strong>obstans</strong></span> 
     </span>
     <span class='ocr_line' id='line_1_20' title="bbox 5 1703 878 1776; baseline 0.007 -20"><span class='ocrx_word' id='word_1_142' title='bbox 5 1709 6 1712; x_wconf 75' lang='grc'>’</span> <span class='ocrx_word' id='word_1_143' title='bbox 80 1703 153 1758; x_wconf 88' lang='lat' dir='ltr'><strong>nobis</strong></span> <span class='ocrx_word' id='word_1_144' title='bbox 167 1704 286 1774; x_wconf 80' lang='lat' dir='ltr'><strong>judicem,</strong></span> <span class='ocrx_word' id='word_1_145' title='bbox 299 1706 344 1776; x_wconf 91' lang='lat' dir='ltr'><strong>qni</strong></span> <span class='ocrx_word' id='word_1_146' title='bbox 359 1723 400 1760; x_wconf 90' lang='lat' dir='ltr'><strong>me</strong></span> <span class='ocrx_word' id='word_1_147' title='bbox 417 1705 459 1760; x_wconf 88' lang='lat' dir='ltr'><strong>vei</strong></span> <span class='ocrx_word' id='word_1_148' title='bbox 474 1705 502 1760; x_wconf 90' lang='lat' dir='ltr'><strong>in</strong></span> <span class='ocrx_word' id='word_1_149' title='bbox 517 1707 634 1761; x_wconf 78' lang='lat' dir='ltr'><strong>furtorum</strong></span> <span class='ocrx_word' id='word_1_150' title='bbox 649 1710 720 1762; x_wconf 86' lang='lat' dir='ltr'><strong>vetet</strong></span> <span class='ocrx_word' id='word_1_151' title='bbox 736 1725 825 1762; x_wconf 85' lang='lat' dir='ltr'><strong>versus</strong></span> <span class='ocrx_word' id='word_1_152' title='bbox 841 1709 878 1762; x_wconf 82' lang='lat' dir='ltr'><strong>fe·</strong></span> 
     </span>
     <span class='ocr_line' id='line_1_21' title="bbox 80 1780 876 1853; baseline 0.006 -19"><span class='ocrx_word' id='word_1_153' title='bbox 80 1793 145 1844; x_wconf 79' lang='lat' dir='ltr'><strong>nere,</strong></span> <span class='ocrx_word' id='word_1_154' title='bbox 158 1780 206 1845; x_wconf 83' lang='lat' dir='ltr'><strong>vel,</strong></span> <span class='ocrx_word' id='word_1_155' title='bbox 219 1781 287 1851; x_wconf 87' lang='lat' dir='ltr'><strong>quod</strong></span> <span class='ocrx_word' id='word_1_156' title='bbox 297 1781 459 1853; x_wconf 77' lang='lat' dir='ltr'><strong>jampridem</strong></span> <span class='ocrx_word' id='word_1_157' title='bbox 470 1786 541 1853; x_wconf 90' lang='lat' dir='ltr'><strong>opto,</strong></span> <span class='ocrx_word' id='word_1_158' title='bbox 552 1799 599 1838; x_wconf 88' lang='lat' dir='ltr'><strong>sus</strong></span> <span class='ocrx_word' id='word_1_159' title='bbox 611 1801 711 1853; x_wconf 88' lang='lat' dir='ltr'><strong>quoqne</strong></span> <span class='ocrx_word' id='word_1_160' title='bbox 723 1785 876 1840; x_wconf 76' lang='lat' dir='ltr'><strong>auctoritate</strong></span> 
     </span>
     <span class='ocr_line' id='line_1_22' title="bbox 80 1856 876 1929; baseline 0.006 -20"><span class='ocrx_word' id='word_1_161' title='bbox 80 1856 221 1926; x_wconf 85' lang='lat' dir='ltr'><strong>oompellet,</strong></span> <span class='ocrx_word' id='word_1_162' title='bbox 234 1861 264 1912; x_wconf 92' lang='lat' dir='ltr'><strong>ut</strong></span> <span class='ocrx_word' id='word_1_163' title='bbox 280 1857 379 1912; x_wconf 88' lang='lat' dir='ltr'><strong>omissis</strong></span> <span class='ocrx_word' id='word_1_164' title='bbox 395 1858 534 1913; x_wconf 80' lang='lat' dir='ltr'><strong>forensium</strong></span> <span class='ocrx_word' id='word_1_165' title='bbox 549 1875 684 1914; x_wconf 75' lang='lat' dir='ltr'><strong>passerum</strong></span> <span class='ocrx_word' id='word_1_166' title='bbox 700 1859 834 1929; x_wconf 74' lang='lat' dir='ltr'><strong>angustiis,</strong></span> <span class='ocrx_word' id='word_1_167' title='bbox 848 1861 876 1914; x_wconf 87' lang='lat' dir='ltr'><strong>in</strong></span> 
     </span>
     <span class='ocr_line' id='line_1_23' title="bbox 80 1931 875 2005; baseline 0.005 -20"><span class='ocrx_word' id='word_1_168' title='bbox 80 1931 172 2001; x_wconf 86' lang='lat' dir='ltr'><strong>quibus</strong></span> <span class='ocrx_word' id='word_1_169' title='bbox 196 1933 258 1988; x_wconf 90' lang='lat' dir='ltr'><strong>mihi</strong></span> <span class='ocrx_word' id='word_1_170' title='bbox 278 1933 342 1989; x_wconf 79' lang='lat' dir='ltr'><strong>setis</strong></span> <span class='ocrx_word' id='word_1_171' title='bbox 363 1951 489 2005; x_wconf 86' lang='lat' dir='ltr'><strong>superque</strong></span> <span class='ocrx_word' id='word_1_172' title='bbox 513 1934 632 1988; x_wconf 73' lang='lat' dir='ltr'><strong>sudatum</strong></span> <span class='ocrx_word' id='word_1_173' title='bbox 653 1937 700 1998; x_wconf 81' lang='lat' dir='ltr'><strong>est,</strong></span> <span class='ocrx_word' id='word_1_174' title='bbox 720 1935 875 1990; x_wconf 80' lang='lat' dir='ltr'><strong>senotiorem</strong></span> 
     </span>
     <span class='ocr_line' id='line_1_24' title="bbox 79 2007 674 2082; baseline 0.008 -21"><span class='ocrx_word' id='word_1_175' title='bbox 79 2007 148 2061; x_wconf 79' lang='lat' dir='ltr'><strong>iilum</strong></span> <span class='ocrx_word' id='word_1_176' title='bbox 158 2012 187 2062; x_wconf 87' lang='lat' dir='ltr'><strong>et</strong></span> <span class='ocrx_word' id='word_1_177' title='bbox 199 2011 374 2082; x_wconf 81' lang='lat' dir='ltr'><strong>augustiorem</strong></span> <span class='ocrx_word' id='word_1_178' title='bbox 385 2011 555 2082; x_wconf 82' lang='lat' dir='ltr'><strong>eloquentium</strong></span> <span class='ocrx_word' id='word_1_179' title='bbox 568 2010 674 2065; x_wconf 73' lang='lat' dir='ltr'><strong>eolum.&#39;”</strong></span> 
     </span>
    </p>

    <p class='ocr_par' dir='ltr' id='par_1_6' title="bbox 79 2083 898 2311">
     <span class='ocr_line' id='line_1_25' title="bbox 114 2083 898 2160; baseline 0.003 -22"><span class='ocrx_word' id='word_1_180' title='bbox 114 2083 193 2155; x_wconf 82' lang='lat' dir='ltr'><strong>“Ego</strong></span> <span class='ocrx_word' id='word_1_181' title='bbox 211 2087 295 2153; x_wconf 85' lang='lat' dir='ltr'><strong>vero,”</strong></span> <span class='ocrx_word' id='word_1_182' title='bbox 314 2087 398 2157; x_wconf 86' lang='lat' dir='ltr'><strong>inquit</strong></span> <span class='ocrx_word' id='word_1_183' title='bbox 415 2087 554 2152; x_wconf 73' lang='lat' dir='ltr'><strong>Seonndus,</strong></span> <span class='ocrx_word' id='word_1_184' title='bbox 566 2090 726 2160; x_wconf 79' lang='lat' dir='ltr'><strong>“antequem</strong></span> <span class='ocrx_word' id='word_1_185' title='bbox 746 2103 788 2141; x_wconf 85' lang='lat' dir='ltr'><strong>me</strong></span> <span class='ocrx_word' id='word_1_186' title='bbox 804 2085 898 2156; x_wconf 73' lang='lat' dir='ltr'><strong>judi-5</strong></span> 
     </span>
     <span class='ocr_line' id='line_1_26' title="bbox 79 2162 872 2234; baseline 0.006 -21"><span class='ocrx_word' id='word_1_187' title='bbox 79 2175 134 2214; x_wconf 87' lang='lat' dir='ltr'><strong>oem</strong></span> <span class='ocrx_word' id='word_1_188' title='bbox 146 2163 216 2231; x_wconf 84' lang='lat' dir='ltr'><strong>Aper</strong></span> <span class='ocrx_word' id='word_1_189' title='bbox 228 2166 336 2228; x_wconf 80' lang='lat' dir='ltr'><strong>recuset,</strong></span> <span class='ocrx_word' id='word_1_190' title='bbox 349 2163 440 2218; x_wconf 81' lang='lat' dir='ltr'><strong>faeiem</strong></span> <span class='ocrx_word' id='word_1_191' title='bbox 452 2163 520 2234; x_wconf 85' lang='lat' dir='ltr'><strong>quod</strong></span> <span class='ocrx_word' id='word_1_192' title='bbox 531 2163 605 2234; x_wconf 87' lang='lat' dir='ltr'><strong>probi</strong></span> <span class='ocrx_word' id='word_1_193' title='bbox 615 2168 643 2218; x_wconf 87' lang='lat' dir='ltr'><strong>et</strong></span> <span class='ocrx_word' id='word_1_194' title='bbox 655 2163 763 2218; x_wconf 84' lang='lat' dir='ltr'><strong>modesti</strong></span> <span class='ocrx_word' id='word_1_195' title='bbox 771 2162 872 2234; x_wconf 84' lang='lat' dir='ltr'><strong>judiees</strong></span> 
     </span>
     <span class='ocr_line' id='line_1_27' title="bbox 79 2235 873 2311; baseline 0.008 -23"><span class='ocrx_word' id='word_1_196' title='bbox 79 2235 169 2304; x_wconf 87' lang='lat' dir='ltr'><strong>solent,</strong></span> <span class='ocrx_word' id='word_1_197' title='bbox 181 2244 212 2292; x_wconf 93' lang='lat' dir='ltr'><strong>ut</strong></span> <span class='ocrx_word' id='word_1_198' title='bbox 222 2238 250 2292; x_wconf 92' lang='lat' dir='ltr'><strong>in</strong></span> <span class='ocrx_word' id='word_1_199' title='bbox 260 2239 292 2294; x_wconf 90' lang='lat' dir='ltr'><strong>iis</strong></span> <span class='ocrx_word' id='word_1_200' title='bbox 305 2239 492 2311; x_wconf 79' lang='lat' dir='ltr'><strong>cognitionibus</strong></span> <span class='ocrx_word' id='word_1_201' title='bbox 504 2243 635 2307; x_wconf 79' lang='lat' dir='ltr'><strong>excusent,</strong></span> <span class='ocrx_word' id='word_1_202' title='bbox 646 2240 674 2294; x_wconf 87' lang='lat' dir='ltr'><strong>in</strong></span> <span class='ocrx_word' id='word_1_203' title='bbox 689 2239 781 2311; x_wconf 78' lang='lat' dir='ltr'><strong>qmirus</strong></span> <span class='ocrx_word' id='word_1_204' title='bbox 791 2239 873 2294; x_wconf 81' lang='lat' dir='ltr'><strong>moni-</strong></span> 
     </span>
    </p>
   </div>
   <div class='ocr_carea' id='block_1_5' title="bbox 75 2310 873 2765">
    <p class='ocr_par' dir='ltr' id='par_1_7' title="bbox 75 2310 873 2765">
     <span class='ocr_line' id='line_1_28' title="bbox 78 2310 872 2388; baseline 0.008 -24"><span class='ocrx_word' id='word_1_205' title='bbox 78 2310 172 2366; x_wconf 86' lang='lat' dir='ltr'><strong>iesium</strong></span> <span class='ocrx_word' id='word_1_206' title='bbox 187 2317 228 2368; x_wconf 88' lang='lat' dir='ltr'><strong>est</strong></span> <span class='ocrx_word' id='word_1_207' title='bbox 245 2315 350 2370; x_wconf 75' lang='lat' dir='ltr'><strong>alterum</strong></span> <span class='ocrx_word' id='word_1_208' title='bbox 366 2317 436 2388; x_wconf 74' lang='lat' dir='ltr'><strong>opud</strong></span> <span class='ocrx_word' id='word_1_209' title='bbox 453 2335 496 2372; x_wconf 87' lang='lat' dir='ltr'><strong>eos</strong></span> <span class='ocrx_word' id='word_1_210' title='bbox 513 2320 612 2388; x_wconf 81' lang='lat' dir='ltr'><strong>purtem</strong></span> <span class='ocrx_word' id='word_1_211' title='bbox 630 2316 713 2388; x_wconf 81' lang='lat' dir='ltr'><strong>gratio</strong></span> <span class='ocrx_word' id='word_1_212' title='bbox 727 2315 872 2386; x_wconf 77' lang='lat' dir='ltr'><strong>prevalere.</strong></span> 
     </span>
     <span class='ocr_line' id='line_1_29' title="bbox 78 2386 873 2464; baseline 0 -18"><span class='ocrx_word' id='word_1_213' title='bbox 78 2386 144 2446; x_wconf 76' lang='lat' dir='ltr'><strong>Quis</strong></span> <span class='ocrx_word' id='word_1_214' title='bbox 156 2389 223 2444; x_wconf 90' lang='lat' dir='ltr'><strong>enim</strong></span> <span class='ocrx_word' id='word_1_215' title='bbox 239 2392 328 2458; x_wconf 77' lang='lat' dir='ltr'><strong>nescit,</strong></span> <span class='ocrx_word' id='word_1_216' title='bbox 341 2393 467 2448; x_wconf 86' lang='lat' dir='ltr'><strong>neminem</strong></span> <span class='ocrx_word' id='word_1_217' title='bbox 480 2393 545 2448; x_wconf 80' lang='lat' dir='ltr'><strong>miiui</strong></span> <span class='ocrx_word' id='word_1_218' title='bbox 560 2394 761 2464; x_wconf 75' lang='lat' dir='ltr'><strong>conjunctionem</strong></span> <span class='ocrx_word' id='word_1_219' title='bbox 776 2409 833 2447; x_wconf 86' lang='lat' dir='ltr'><strong>esse</strong></span> <span class='ocrx_word' id='word_1_220' title='bbox 843 2395 873 2447; x_wconf 86' lang='lat' dir='ltr'><strong>et</strong></span> 
     </span>
     <span class='ocr_line' id='line_1_30' title="bbox 77 2467 873 2542; baseline 0.009 -25"><span class='ocrx_word' id='word_1_221' title='bbox 77 2481 126 2518; x_wconf 90' lang='lat' dir='ltr'><strong>usu</strong></span> <span class='ocrx_word' id='word_1_222' title='bbox 142 2467 259 2522; x_wconf 81' lang='lat' dir='ltr'><strong>aruioitise</strong></span> <span class='ocrx_word' id='word_1_223' title='bbox 276 2471 303 2522; x_wconf 86' lang='lat' dir='ltr'><strong>et</strong></span> <span class='ocrx_word' id='word_1_224' title='bbox 321 2469 471 2525; x_wconf 75' lang='lat' dir='ltr'><strong>assiduitate</strong></span> <span class='ocrx_word' id='word_1_225' title='bbox 489 2470 648 2525; x_wconf 88' lang='lat' dir='ltr'><strong>oontubernii</strong></span> <span class='ocrx_word' id='word_1_226' title='bbox 666 2488 742 2542; x_wconf 82' lang='lat' dir='ltr'><strong>quem</strong></span> <span class='ocrx_word' id='word_1_227' title='bbox 760 2469 873 2524; x_wconf 73' lang='lat' dir='ltr'><strong>Saleium</strong></span> 
     </span>
     <span class='ocr_line' id='line_1_31' title="bbox 76 2540 873 2616; baseline 0.006 -21"><span class='ocrx_word' id='word_1_228' title='bbox 76 2540 193 2608; x_wconf 79' lang='lat' dir='ltr'><strong>Bessum,</strong></span> <span class='ocrx_word' id='word_1_229' title='bbox 206 2560 265 2598; x_wconf 89' lang='lat' dir='ltr'><strong>oum</strong></span> <span class='ocrx_word' id='word_1_230' title='bbox 275 2545 400 2615; x_wconf 77' lang='lat' dir='ltr'><strong>optimum</strong></span> <span class='ocrx_word' id='word_1_231' title='bbox 412 2546 502 2613; x_wconf 88' lang='lat' dir='ltr'><strong>virum,</strong></span> <span class='ocrx_word' id='word_1_232' title='bbox 514 2549 570 2601; x_wconf 88' lang='lat' dir='ltr'><strong>tum</strong></span> <span class='ocrx_word' id='word_1_233' title='bbox 585 2544 800 2602; x_wconf 75' lang='lat' dir='ltr'><strong>absolutissimum</strong></span> <span class='ocrx_word' id='word_1_234' title='bbox 812 2547 873 2616; x_wconf 75' lang='lat' dir='ltr'><strong>pot·</strong></span> 
     </span>
     <span class='ocr_line' id='line_1_32' title="bbox 75 2617 871 2692; baseline 0.006 -22"><span class='ocrx_word' id='word_1_235' title='bbox 75 2617 148 2672; x_wconf 78' lang='lat' dir='ltr'><strong>tomi</strong></span> <span class='ocrx_word' id='word_1_236' title='bbox 166 2619 247 2674; x_wconf 87' lang='lat' dir='ltr'><strong>Porro</strong></span> <span class='ocrx_word' id='word_1_237' title='bbox 259 2621 281 2676; x_wconf 89' lang='lat' dir='ltr'><strong>si</strong></span> <span class='ocrx_word' id='word_1_238' title='bbox 293 2623 393 2692; x_wconf 77' lang='lat' dir='ltr'><strong>poetice</strong></span> <span class='ocrx_word' id='word_1_239' title='bbox 404 2628 545 2689; x_wconf 80' lang='lat' dir='ltr'><strong>uoousetur,</strong></span> <span class='ocrx_word' id='word_1_240' title='bbox 559 2641 610 2678; x_wconf 90' lang='lat' dir='ltr'><strong>uon</strong></span> <span class='ocrx_word' id='word_1_241' title='bbox 623 2621 703 2678; x_wconf 73' lang='lat' dir='ltr'><strong>uinum</strong></span> <span class='ocrx_word' id='word_1_242' title='bbox 713 2621 787 2680; x_wconf 81' lang='lat' dir='ltr'><strong>uideo</strong></span> <span class='ocrx_word' id='word_1_243' title='bbox 799 2639 871 2676; x_wconf 86' lang='lat' dir='ltr'><strong>reum</strong></span> 
     </span>
     <span class='ocr_line' id='line_1_33' title="bbox 77 2693 291 2765; baseline 0.019 -17"><span class='ocrx_word' id='word_1_244' title='bbox 77 2693 291 2765; x_wconf 49' lang='lat' dir='ltr'><strong>ineuntium?</strong></span> 
     </span>
    </p>
   </div>
   <div class='ocr_carea' id='block_1_6' title="bbox 0 0 1056 3022">
    <p class='ocr_par' dir='ltr' id='par_1_8' title="bbox 0 0 1056 3022">
     <span class='ocr_line' id='line_1_34' title="bbox 0 0 1056 3022; baseline 0 2"><span class='ocrx_word' id='word_1_245' title='bbox 0 0 1056 3022; x_wconf 95' lang='lat' dir='ltr'><strong> </strong></span> 
     </span>
    </p>
   </div>
  </div>
 </body>
</html>
