2104 3022
120 183 122 187 .
162 143 211 192 294
491 139 642 190 TAOITUS

162 251 186 309 si
197 251 297 323 quando
308 267 411 307 necesse
422 250 457 305 sit
467 268 513 322 pro
524 250 685 320 periclitante
693 247 774 304 arrico
785 248 959 319 potentiorum

163 347 237 385 aures
246 327 379 392 offendere,
388 331 415 382 et
426 326 533 397 probata
541 328 576 382 sit
588 327 650 382 fides
659 330 686 380 et
694 325 800 381 libertas
812 326 958 380 excusatas

118 399 152 454 ll
198 405 264 465 Quae
275 423 333 460 oum
349 403 456 458 dixisset
468 404 538 472 Aper
554 403 688 468 aerisaut
704 401 808 466 solebat,
822 405 848 456 et
860 401 960 456 intento

163 499 215 546 ore,
222 481 342 536 remissus
350 483 377 534 et
384 477 517 534 subridens
527 477 959 548 Matamns,“Parantem‚”inqnit,

164 560 290 612 “menon
301 556 385 610 minus
397 554 442 609 diu
453 572 572 610 accusare
584 559 698 609 oratores
710 571 786 625 quam
795 554 865 624 Aper
875 553 961 608 huda-

163 637 235 688 verat
253 632 319 702 (iore
336 632 404 686 enim
421 630 562 686 arbitrabar
579 637 609 685 nt
626 649 641 685 a
655 629 800 685 laudatione
817 646 906 684 eornm
923 629 962 684 di·

164 726 267 782 grcssus
291 707 445 763 detrectaret
469 711 558 777 pottm
582 710 660 778 atque
683 707 822 762 carminum
846 706 962 761 studium

164 785 356 856 prosterneret)
370 787 425 840 arte
437 783 545 856 quadam
556 783 603 838 mit
591 783 693 854 ligavit,
701 781 861 838 concedendo
873 782 904 837 iis
917 783 962 852 qui

141 868 254 918 toausas
275 879 350 933 agere
373 879 425 916 non
448 864 561 949 possent,
583 863 613 914 nt
636 877 725 915 versus
746 859 866 914 fecerent.
903 859 961 930 ligo

166 942 252 994 antem
272 937 364 994 sicut
356 956 384 992 ιιι
401 937 483 993 causis
501 935 605 1066 agendis
626 936 724 990 efficere
741 934 880 1006 aliquidet
898 935 962 990 eniti

165 1015 275 1070 fortasse
290 1032 403 1086 possum,
414 1013 541 1068 itarecita
527 1012 611 1066 atione
627 1011 847 1083 tragoednrnmet
861 1011 963 1082 ingredi

166 1091 261 1146 famam
272 1090 418 1161 auspicatus
433 1107 497 1154 sum,
511 1105 568 1142 oum
583 1087 709 1159 quidem
701 1106 729 1142 ιιι
739 1087 757 1158 †
769 1087 922 1142 Neronem
914 1105 962 1141 rm·

166 1166 273 1254 probam
284 1171 348 1221 ιιι
323 1183 335 1220 s
336 1165 464 1220 tudiornm
478 1182 579 1235 qnoque
591 1182 662 1219 sacra
675 1159 916 1252 profanantemt
863 1163 963 1218 Vatinii

167 1241 309 1330 potentiam
326 1241 406 1312 fregi:
426 1243 452 1295 et
469 1239 583 1294 hodie'
562 1258 585 1294 s1
602 1239 687 1312 quid'
680 1259 708 1294 ιιι
724 1239 797 1295 nobis
815 1239 890 1295 notit
883 1258 914 1294 ιω
931 1257 964 1296 ac

167 1318 276 1372 nominis
288 1321 328 1372 ast
328 1359 336 1382 ,
349 1317 431 1388 magis
448 1315 513 1371 arbit
501 1320 557 1371 tror
572 1316 711 1371 carminum
728 1334 802 1388 qnam
819 1315 962 1370 orationum

144 1393 249 1465 sglcria
259 1397 369 1464 partum.
405 1394 445 1448 Ac
458 1393 512 1463 jam
527 1410 568 1447 me
584 1391 723 1464 dejungere
739 1411 755 1447 a
769 1392 864 1447 lorensi
876 1391 964 1446 labore

168 1470 298 1534 constitui,
311 1487 358 1524 nec
374 1469 510 1524 comitatus
525 1469 589 1522 istos
605 1472 632 1523 et
649 1487 766 1540 egressus
784 1472 828 1522 ant
844 1468 964 1538 frequen-

168 1545 232 1599 tiam
244 1546 426 1600 salutationum
442 1545 600 1616 concupisco,
617 1563 670 1600 non
681 1546 761 1618 magis
778 1563 853 1617 quam
869 1562 920 1600 aera
934 1548 963 1599 et

168 1620 297 1690 imagines,
315 1638 371 1690 quae
392 1621 470 1674 etiam
487 1638 528 1675 me
547 1621 649 1676 nolente
666 1622 694 1676 in
710 1621 813 1677 domum
830 1638 909 1675 meam
927 1619 964 1674 ir-

144 1705 300 1766 tmmpunt.
335 1696 404 1750 Nam
423 1699 520 1750 stabim
535 1696 667 1767 hucusque
684 1715 714 1754 ac
729 1698 893 1754 securitatem
909 1714 964 1751 me-

168 1771 217 1828 lius
235 1771 381 1827 innocentia
401 1775 476 1827 tueor
495 1790 571 1843 quam
587 1773 746 1844 eloquentia3
765 1791 812 1829 nec
828 1789 916 1828 vercor
930 1789 964 1828 ne

168 1849 231 1904 mihi
246 1867 358 1920 unquam
375 1848 453 1904 verba
469 1848 497 1904 in
514 1852 606 1904 senatu
626 1849 676 1904 nisi
693 1868 739 1921 pro
755 1849 861 1906 alterius
875 1848 966 1904 discri-

168 1926 236 1981 mine
247 1925 364 1981 iacienda
375 1925 434 1981 sint.

124 2001 161 2055 12
205 2003 342 2058 “Nemora
352 2020 412 2057 nero
424 2005 451 2057 et
462 2001 513 2056 luci
525 2005 552 2056 et
564 2004 690 2056 secretum
706 2002 799 2072 ipsum,
811 2000 879 2072 quod
891 2001 964 2071 Aper

168 2078 322 2150 increpabat,
341 2082 441 2132 tantam
458 2078 520 2132 mihi
537 2078 647 2132 afferunt
665 2077 831 2147 voluptatem,
849 2083 879 2132 ut
897 2077 966 2131 inter

168 2157 310 2225 praecipuos
331 2155 470 2209 carminum
492 2154 592 2208 finctus
615 2171 754 2218 numerem,
776 2153 845 2223 qnod
867 2169 915 2208 nec
937 2153 967 2206 in

169 2232 288 2300 strepitu,
305 2249 352 2285 nec
370 2231 476 2284 sedente
492 2233 552 2283 ante
569 2229 711 2283 ostiumt
681 2229 765 2300 litigat
766 2247 818 2295 ore,
833 2247 880 2285 nec
897 2229 967 2284 inter

171 2307 258 2362 sordes
280 2326 309 2363 ac
330 2306 444 2361 lacrimas
465 2324 566 2360 reorum
587 2309 741 2376 componunt
743 2325 780 2372 ur,
802 2305 848 2360 sed
868 2305 966 2361 secedit

169 2383 268 2436 animus
280 2384 307 2437 in
318 2382 373 2436 loca
384 2385 483 2452 purant
484 2400 534 2452 que
545 2381 664 2436 innocent
652 2382 770 2447 tiiamrit
758 2386 851 2454 turque
863 2381 967 2436 sedibus

144 2457 256 2510 scocris.
293 2458 358 2510 Haec
367 2457 493 2527 eloquen
486 2475 517 2512 1ae
526 2456 668 2527 prrmordna,
678 2459 733 2514 inec
742 2458 899 2528 penetralia
917 2458 967 2513 hoo

170 2531 280 2601 primum
303 2530 393 2584 habitu
413 2532 535 2602 cultuque
553 2533 684 2588 commoda
704 2533 884 2589 mortalibus
876 2551 904 2588 nn
923 2533 969 2588 illa

170 2608 241 2658 casta
252 2607 278 2658 et
294 2603 370 2658 nullis
382 2610 500 2661 contecta
515 2607 584 2662 vitiis
599 2615 705 2676 pectora
719 2609 840 2674 influxit;
858 2609 895 2664 sic
910 2625 969 2662 ora·

169 2678 228 2734 cula
238 2678 413 2750 loquebantur.
449 2681 516 2735 Nam
533 2682 639 2738 lucrosae
655 2685 733 2754 hujus
745 2688 772 2740 et
788 2683 968 2755 sanguinantis
