<?xml version="1.0" encoding="UTF-8"?>
<!DOCTYPE html PUBLIC "-//W3C//DTD XHTML 1.0 Transitional//EN"
    "http://www.w3.org/TR/xhtml1/DTD/xhtml1-transitional.dtd">
<html xmlns="http://www.w3.org/1999/xhtml" xml:lang="en" lang="en">
 <head>
  <title>
</title>
<meta http-equiv="Content-Type" content="text/html;charset=utf-8" />
  <meta name='ocr-system' content='tesseract 3.04.00' />
  <meta name='ocr-capabilities' content='ocr_page ocr_carea ocr_par ocr_line ocrx_word'/>
</head>
<body>
  <div class='ocr_page' id='page_1' title='image "./opera01tacigoog_0249.png"; bbox 0 0 2104 3022; ppageno 0'>
   <div class='ocr_carea' id='block_1_1' title="bbox 166 147 621 220">
    <p class='ocr_par' dir='ltr' id='par_1_1' title="bbox 166 147 621 220">
     <span class='ocr_line' id='line_1_1' title="bbox 166 147 621 220; baseline -0.002 -25"><span class='ocrx_word' id='word_1_1' title='bbox 166 147 214 195; x_wconf 73' lang='lat' dir='ltr'><strong>aaa</strong></span> <span class='ocrx_word' id='word_1_2' title='bbox 239 167 240 170; x_wconf 60' lang='lat'><em>=</em></span> <span class='ocrx_word' id='word_1_3' title='bbox 403 199 406 204; x_wconf 65' lang='grc'>,</span> <span class='ocrx_word' id='word_1_4' title='bbox 501 147 621 220; x_wconf 75' lang='lat' dir='ltr'><strong>raom</strong></span> 
     </span>
    </p>
   </div>
   <div class='ocr_carea' id='block_1_2' title="bbox 121 263 964 2452">
    <p class='ocr_par' dir='ltr' id='par_1_2' title="bbox 121 263 964 2452">
     <span class='ocr_line' id='line_1_2' title="bbox 158 263 960 334; baseline 0 -16"><span class='ocrx_word' id='word_1_5' title='bbox 158 263 224 334; x_wconf 80' lang='lat' dir='ltr'><strong>pitii</strong></span> <span class='ocrx_word' id='word_1_6' title='bbox 240 265 268 318; x_wconf 92' lang='lat' dir='ltr'><strong>et</strong></span> <span class='ocrx_word' id='word_1_7' title='bbox 285 280 377 328; x_wconf 79' lang='lat' dir='ltr'><strong>comeo,</strong></span> <span class='ocrx_word' id='word_1_8' title='bbox 394 263 534 332; x_wconf 84' lang='lat' dir='ltr'><strong>proximam</strong></span> <span class='ocrx_word' id='word_1_9' title='bbox 550 263 653 319; x_wconf 86' lang='lat' dir='ltr'><strong>domum</strong></span> <span class='ocrx_word' id='word_1_10' title='bbox 668 281 721 318; x_wconf 93' lang='lat' dir='ltr'><strong>non</strong></span> <span class='ocrx_word' id='word_1_11' title='bbox 734 263 838 320; x_wconf 82' lang='lat' dir='ltr'><strong>invitati</strong></span> <span class='ocrx_word' id='word_1_12' title='bbox 853 265 960 321; x_wconf 85' lang='lat' dir='ltr'><strong>adeunt.</strong></span> 
     </span>
     <span class='ocr_line' id='line_1_3' title="bbox 145 339 962 413; baseline 0 -17"><span class='ocrx_word' id='word_1_13' title='bbox 145 340 223 396; x_wconf 85' lang='lat' dir='ltr'><strong>8Nec</strong></span> <span class='ocrx_word' id='word_1_14' title='bbox 235 339 356 394; x_wconf 84' lang='lat' dir='ltr'><strong>interest:</strong></span> <span class='ocrx_word' id='word_1_15' title='bbox 375 339 430 409; x_wconf 88' lang='lat' dir='ltr'><strong>pari</strong></span> <span class='ocrx_word' id='word_1_16' title='bbox 441 339 599 394; x_wconf 77' lang='lat' dir='ltr'><strong>humanitate</strong></span> <span class='ocrx_word' id='word_1_17' title='bbox 610 340 777 410; x_wconf 87' lang='lat' dir='ltr'><strong>accipiuntur.</strong></span> <span class='ocrx_word' id='word_1_18' title='bbox 807 341 909 395; x_wconf 89' lang='lat' dir='ltr'><strong>Notum</strong></span> <span class='ocrx_word' id='word_1_19' title='bbox 921 342 962 413; x_wconf 79' lang='lat' dir='ltr'><strong>ig·</strong></span> 
     </span>
     <span class='ocr_line' id='line_1_4' title="bbox 166 414 959 486; baseline 0.004 -17"><span class='ocrx_word' id='word_1_20' title='bbox 166 420 313 486; x_wconf 89' lang='lat' dir='ltr'><strong>notumque,</strong></span> <span class='ocrx_word' id='word_1_21' title='bbox 332 419 455 485; x_wconf 83' lang='lat' dir='ltr'><strong>quantum</strong></span> <span class='ocrx_word' id='word_1_22' title='bbox 479 414 511 469; x_wconf 90' lang='lat' dir='ltr'><strong>ad</strong></span> <span class='ocrx_word' id='word_1_23' title='bbox 532 418 575 486; x_wconf 84' lang='lat' dir='ltr'><strong>jue</strong></span> <span class='ocrx_word' id='word_1_24' title='bbox 593 415 710 486; x_wconf 77' lang='lat' dir='ltr'><strong>hospitis,</strong></span> <span class='ocrx_word' id='word_1_25' title='bbox 734 434 808 471; x_wconf 91' lang='lat' dir='ltr'><strong>nemo</strong></span> <span class='ocrx_word' id='word_1_26' title='bbox 826 416 959 472; x_wconf 87' lang='lat' dir='ltr'><strong>discernit.</strong></span> 
     </span>
     <span class='ocr_line' id='line_1_5' title="bbox 166 489 963 562; baseline 0.003 -18"><span class='ocrx_word' id='word_1_27' title='bbox 166 491 287 554; x_wconf 88' lang='lat' dir='ltr'><strong>Abeunti,</strong></span> <span class='ocrx_word' id='word_1_28' title='bbox 308 491 328 544; x_wconf 88' lang='lat' dir='ltr'><strong>ei</strong></span> <span class='ocrx_word' id='word_1_29' title='bbox 349 489 410 560; x_wconf 89' lang='lat' dir='ltr'><strong>qnid</strong></span> <span class='ocrx_word' id='word_1_30' title='bbox 425 491 576 560; x_wconf 85' lang='lat' dir='ltr'><strong>poposcerit,</strong></span> <span class='ocrx_word' id='word_1_31' title='bbox 591 491 729 546; x_wconf 72' lang='lat' dir='ltr'><strong>conoedere</strong></span> <span class='ocrx_word' id='word_1_32' title='bbox 747 492 840 558; x_wconf 78' lang='lat' dir='ltr'><strong>morie3</strong></span> <span class='ocrx_word' id='word_1_33' title='bbox 860 495 887 546; x_wconf 91' lang='lat' dir='ltr'><strong>et</strong></span> <span class='ocrx_word' id='word_1_34' title='bbox 903 510 963 562; x_wconf 85' lang='lat' dir='ltr'><strong>poo-</strong></span> 
     </span>
     <span class='ocr_line' id='line_1_6' title="bbox 167 565 960 632; baseline 0.003 -12"><span class='ocrx_word' id='word_1_35' title='bbox 167 565 240 621; x_wconf 91' lang='lat' dir='ltr'><strong>oendi</strong></span> <span class='ocrx_word' id='word_1_36' title='bbox 258 567 285 620; x_wconf 90' lang='lat' dir='ltr'><strong>in</strong></span> <span class='ocrx_word' id='word_1_37' title='bbox 305 565 385 620; x_wconf 81' lang='lat' dir='ltr'><strong>vicem</strong></span> <span class='ocrx_word' id='word_1_38' title='bbox 406 565 493 620; x_wconf 84' lang='lat' dir='ltr'><strong>eadem</strong></span> <span class='ocrx_word' id='word_1_39' title='bbox 513 566 629 620; x_wconf 68' lang='lat' dir='ltr'><strong>faeditas.</strong></span> <span class='ocrx_word' id='word_1_40' title='bbox 666 565 785 622; x_wconf 77' lang='lat' dir='ltr'><strong>Gaudent</strong></span> <span class='ocrx_word' id='word_1_41' title='bbox 803 567 960 632; x_wconf 75' lang='lat' dir='ltr'><strong>muneribus,</strong></span> 
     </span>
     <span class='ocr_line' id='line_1_7' title="bbox 167 639 962 713; baseline 0.003 -17"><span class='ocrx_word' id='word_1_42' title='bbox 167 641 212 696; x_wconf 81' lang='lat' dir='ltr'><strong>aed</strong></span> <span class='ocrx_word' id='word_1_43' title='bbox 223 659 271 696; x_wconf 88' lang='lat' dir='ltr'><strong>nec</strong></span> <span class='ocrx_word' id='word_1_44' title='bbox 282 639 342 694; x_wconf 85' lang='lat' dir='ltr'><strong>data</strong></span> <span class='ocrx_word' id='word_1_45' title='bbox 353 640 488 710; x_wconf 78' lang='lat' dir='ltr'><strong>imputant,</strong></span> <span class='ocrx_word' id='word_1_46' title='bbox 501 659 548 696; x_wconf 88' lang='lat' dir='ltr'><strong>nec</strong></span> <span class='ocrx_word' id='word_1_47' title='bbox 560 641 669 712; x_wconf 83' lang='lat' dir='ltr'><strong>acceptia</strong></span> <span class='ocrx_word' id='word_1_48' title='bbox 682 641 836 713; x_wconf 71' lang='lat' dir='ltr'><strong>obligantur.</strong></span> <span class='ocrx_word' id='word_1_49' title='bbox 867 643 962 698; x_wconf 79' lang='lat' dir='ltr'><strong>Victus</strong></span> 
     </span>
     <span class='ocr_line' id='line_1_8' title="bbox 162 717 457 786; baseline -0.007 -14"><span class='ocrx_word' id='word_1_50' title='bbox 162 717 234 782; x_wconf 84' lang='lat' dir='ltr'><strong>inter</strong></span> <span class='ocrx_word' id='word_1_51' title='bbox 246 717 358 786; x_wconf 81' lang='lat' dir='ltr'><strong>hospites</strong></span> <span class='ocrx_word' id='word_1_52' title='bbox 371 717 457 770; x_wconf 80' lang='lat' dir='ltr'><strong>comio.</strong></span> 
     </span>
     <span class='ocr_line' id='line_1_9' title="bbox 121 793 963 865; baseline -0.001 -16"><span class='ocrx_word' id='word_1_53' title='bbox 121 797 159 850; x_wconf 82' lang='lat'><strong>22</strong></span> <span class='ocrx_word' id='word_1_54' title='bbox 202 793 295 847; x_wconf 82' lang='lat' dir='ltr'><strong>Statim</strong></span> <span class='ocrx_word' id='word_1_55' title='bbox 307 810 321 846; x_wconf 90' lang='lat' dir='ltr'><strong>e</strong></span> <span class='ocrx_word' id='word_1_56' title='bbox 333 809 428 858; x_wconf 83' lang='lat' dir='ltr'><strong>somno,</strong></span> <span class='ocrx_word' id='word_1_57' title='bbox 442 811 518 863; x_wconf 89' lang='lat' dir='ltr'><strong>quem</strong></span> <span class='ocrx_word' id='word_1_58' title='bbox 532 793 680 865; x_wconf 85' lang='lat' dir='ltr'><strong>plerumque</strong></span> <span class='ocrx_word' id='word_1_59' title='bbox 691 794 719 849; x_wconf 91' lang='lat' dir='ltr'><strong>in</strong></span> <span class='ocrx_word' id='word_1_60' title='bbox 735 793 803 849; x_wconf 91' lang='lat' dir='ltr'><strong>diem</strong></span> <span class='ocrx_word' id='word_1_61' title='bbox 814 793 963 860; x_wconf 86' lang='lat' dir='ltr'><strong>extrahunt,</strong></span> 
     </span>
     <span class='ocr_line' id='line_1_10' title="bbox 166 868 962 941; baseline 0.003 -19"><span class='ocrx_word' id='word_1_62' title='bbox 166 868 290 933; x_wconf 78' lang='lat' dir='ltr'><strong>lavantur,</strong></span> <span class='ocrx_word' id='word_1_63' title='bbox 308 870 401 938; x_wconf 75' lang='lat' dir='ltr'><strong>saepius</strong></span> <span class='ocrx_word' id='word_1_64' title='bbox 419 868 506 934; x_wconf 82' lang='lat' dir='ltr'><strong>calida,</strong></span> <span class='ocrx_word' id='word_1_65' title='bbox 524 873 554 923; x_wconf 87' lang='lat' dir='ltr'><strong>ut</strong></span> <span class='ocrx_word' id='word_1_66' title='bbox 569 869 636 940; x_wconf 91' lang='lat' dir='ltr'><strong>apud</strong></span> <span class='ocrx_word' id='word_1_67' title='bbox 649 881 713 940; x_wconf 84' lang='lat' dir='ltr'><strong>quon</strong></span> <span class='ocrx_word' id='word_1_68' title='bbox 729 869 867 941; x_wconf 85' lang='lat' dir='ltr'><strong>plurimum</strong></span> <span class='ocrx_word' id='word_1_69' title='bbox 879 870 962 924; x_wconf 80' lang='lat' dir='ltr'><strong>hieme</strong></span> 
     </span>
     <span class='ocr_line' id='line_1_11' title="bbox 140 943 962 1016; baseline 0.001 -17"><span class='ocrx_word' id='word_1_70' title='bbox 140 996 142 1004; x_wconf 91' lang='grc'>,</span> <span class='ocrx_word' id='word_1_71' title='bbox 166 949 281 1015; x_wconf 88' lang='lat' dir='ltr'><strong>occupat.</strong></span> <span class='ocrx_word' id='word_1_72' title='bbox 317 944 396 999; x_wconf 83' lang='lat' dir='ltr'><strong>Lauti</strong></span> <span class='ocrx_word' id='word_1_73' title='bbox 408 943 492 999; x_wconf 89' lang='lat' dir='ltr'><strong>cibum</strong></span> <span class='ocrx_word' id='word_1_74' title='bbox 500 945 619 1014; x_wconf 83' lang='lat' dir='ltr'><strong>capiunt:</strong></span> <span class='ocrx_word' id='word_1_75' title='bbox 638 945 962 1016; x_wconf 80' lang='lat' dir='ltr'><strong>separatmsingaliacedco</strong></span> 
     </span>
     <span class='ocr_line' id='line_1_12' title="bbox 147 1020 962 1093; baseline 0 -18"><span class='ocrx_word' id='word_1_76' title='bbox 147 1035 148 1038; x_wconf 72' lang='grc'>’</span> <span class='ocrx_word' id='word_1_77' title='bbox 167 1026 194 1076; x_wconf 90' lang='lat' dir='ltr'><strong>et</strong></span> <span class='ocrx_word' id='word_1_78' title='bbox 206 1039 253 1075; x_wconf 84' lang='lat' dir='ltr'><strong>aua</strong></span> <span class='ocrx_word' id='word_1_79' title='bbox 264 1020 355 1092; x_wconf 88' lang='lat' dir='ltr'><strong>cuique</strong></span> <span class='ocrx_word' id='word_1_80' title='bbox 367 1037 460 1074; x_wconf 86' lang='lat' dir='ltr'><strong>mensa.</strong></span> <span class='ocrx_word' id='word_1_81' title='bbox 497 1021 562 1074; x_wconf 80' lang='lat' dir='ltr'><strong>Tum</strong></span> <span class='ocrx_word' id='word_1_82' title='bbox 572 1020 604 1074; x_wconf 90' lang='lat' dir='ltr'><strong>ad</strong></span> <span class='ocrx_word' id='word_1_83' title='bbox 615 1022 726 1093; x_wconf 70' lang='lat' dir='ltr'><strong>negotia,</strong></span> <span class='ocrx_word' id='word_1_84' title='bbox 738 1039 786 1076; x_wconf 86' lang='lat' dir='ltr'><strong>nec</strong></span> <span class='ocrx_word' id='word_1_85' title='bbox 797 1021 881 1074; x_wconf 86' lang='lat' dir='ltr'><strong>minus</strong></span> <span class='ocrx_word' id='word_1_86' title='bbox 894 1039 962 1092; x_wconf 79' lang='lat' dir='ltr'><strong>saepe</strong></span> 
     </span>
     <span class='ocr_line' id='line_1_13' title="bbox 144 1095 963 1168; baseline 0.001 -18"><span class='ocrx_word' id='word_1_87' title='bbox 144 1095 199 1156; x_wconf 72' lang='lat' dir='ltr'><strong>aad</strong></span> <span class='ocrx_word' id='word_1_88' title='bbox 215 1097 331 1152; x_wconf 86' lang='lat' dir='ltr'><strong>convivia</strong></span> <span class='ocrx_word' id='word_1_89' title='bbox 346 1095 486 1168; x_wconf 87' lang='lat' dir='ltr'><strong>procedunt</strong></span> <span class='ocrx_word' id='word_1_90' title='bbox 504 1097 602 1150; x_wconf 86' lang='lat' dir='ltr'><strong>armati</strong></span> <span class='ocrx_word' id='word_1_91' title='bbox 638 1098 715 1152; x_wconf 90' lang='lat' dir='ltr'><strong>Diem</strong></span> <span class='ocrx_word' id='word_1_92' title='bbox 732 1100 884 1166; x_wconf 88' lang='lat' dir='ltr'><strong>noctemque</strong></span> <span class='ocrx_word' id='word_1_93' title='bbox 901 1114 963 1151; x_wconf 87' lang='lat' dir='ltr'><strong>con-</strong></span> 
     </span>
     <span class='ocr_line' id='line_1_14' title="bbox 167 1170 963 1244; baseline -0.004 -16"><span class='ocrx_word' id='word_1_94' title='bbox 167 1174 266 1228; x_wconf 87' lang='lat' dir='ltr'><strong>tinuare</strong></span> <span class='ocrx_word' id='word_1_95' title='bbox 278 1171 391 1244; x_wconf 81' lang='lat' dir='ltr'><strong>potando·</strong></span> <span class='ocrx_word' id='word_1_96' title='bbox 400 1170 463 1225; x_wconf 89' lang='lat' dir='ltr'><strong>nulli</strong></span> <span class='ocrx_word' id='word_1_97' title='bbox 479 1171 607 1241; x_wconf 82' lang='lat' dir='ltr'>probrum.</span> <span class='ocrx_word' id='word_1_98' title='bbox 645 1173 754 1238; x_wconf 69' lang='lat' dir='ltr'><strong>Crebra,</strong></span> <span class='ocrx_word' id='word_1_99' title='bbox 767 1175 797 1226; x_wconf 92' lang='lat' dir='ltr'><strong>nt</strong></span> <span class='ocrx_word' id='word_1_100' title='bbox 809 1172 877 1226; x_wconf 87' lang='lat' dir='ltr'><strong>inter</strong></span> <span class='ocrx_word' id='word_1_101' title='bbox 889 1172 963 1226; x_wconf 86' lang='lat' dir='ltr'><strong>vino·</strong></span> 
     </span>
     <span class='ocr_line' id='line_1_15' title="bbox 168 1247 961 1318; baseline -0.003 -14"><span class='ocrx_word' id='word_1_102' title='bbox 168 1249 259 1315; x_wconf 85' lang='lat' dir='ltr'><strong>lentos,</strong></span> <span class='ocrx_word' id='word_1_103' title='bbox 277 1249 341 1304; x_wconf 77' lang='lat' dir='ltr'><strong>rixae</strong></span> <span class='ocrx_word' id='word_1_104' title='bbox 357 1265 415 1302; x_wconf 87' lang='lat' dir='ltr'><strong>raro</strong></span> <span class='ocrx_word' id='word_1_105' title='bbox 431 1247 558 1312; x_wconf 82' lang='lat' dir='ltr'><strong>conviciis,</strong></span> <span class='ocrx_word' id='word_1_106' title='bbox 577 1249 669 1318; x_wconf 79' lang='lat' dir='ltr'><strong>saepius</strong></span> <span class='ocrx_word' id='word_1_107' title='bbox 687 1249 755 1304; x_wconf 85' lang='lat' dir='ltr'><strong>caede</strong></span> <span class='ocrx_word' id='word_1_108' title='bbox 771 1251 798 1302; x_wconf 91' lang='lat' dir='ltr'><strong>et</strong></span> <span class='ocrx_word' id='word_1_109' title='bbox 813 1247 961 1302; x_wconf 79' lang='lat' dir='ltr'><strong>vulneribus</strong></span> 
     </span>
     <span class='ocr_line' id='line_1_16' title="bbox 146 1323 960 1396; baseline -0.001 -17"><span class='ocrx_word' id='word_1_110' title='bbox 146 1326 354 1396; x_wconf 74' lang='lat' dir='ltr'><strong>ctransigmntur.</strong></span> <span class='ocrx_word' id='word_1_111' title='bbox 390 1323 441 1378; x_wconf 83' lang='lat' dir='ltr'><strong>Sed</strong></span> <span class='ocrx_word' id='word_1_112' title='bbox 449 1327 476 1377; x_wconf 91' lang='lat' dir='ltr'><strong>et</strong></span> <span class='ocrx_word' id='word_1_113' title='bbox 484 1323 516 1378; x_wconf 87' lang='lat' dir='ltr'><strong>de</strong></span> <span class='ocrx_word' id='word_1_114' title='bbox 527 1324 716 1379; x_wconf 76' lang='lat' dir='ltr'><strong>reconciliandis</strong></span> <span class='ocrx_word' id='word_1_115' title='bbox 725 1325 832 1378; x_wconf 85' lang='lat' dir='ltr'><strong>invicem</strong></span> <span class='ocrx_word' id='word_1_116' title='bbox 843 1324 960 1388; x_wconf 81' lang='lat' dir='ltr'><strong>inimicia,</strong></span> 
     </span>
     <span class='ocr_line' id='line_1_17' title="bbox 169 1399 961 1470; baseline 0 -16"><span class='ocrx_word' id='word_1_117' title='bbox 169 1405 197 1454; x_wconf 91' lang='lat' dir='ltr'><strong>et</strong></span> <span class='ocrx_word' id='word_1_118' title='bbox 210 1400 346 1470; x_wconf 75' lang='lat' dir='ltr'><strong>jungendis</strong></span> <span class='ocrx_word' id='word_1_119' title='bbox 363 1399 535 1466; x_wconf 82' lang='lat' dir='ltr'><strong>affinitatibus,</strong></span> <span class='ocrx_word' id='word_1_120' title='bbox 547 1403 573 1454; x_wconf 92' lang='lat' dir='ltr'><strong>et</strong></span> <span class='ocrx_word' id='word_1_121' title='bbox 586 1399 737 1455; x_wconf 86' lang='lat' dir='ltr'><strong>asciscendis</strong></span> <span class='ocrx_word' id='word_1_122' title='bbox 753 1399 917 1470; x_wconf 80' lang='lat' dir='ltr'><strong>principibus,</strong></span> <span class='ocrx_word' id='word_1_123' title='bbox 930 1399 961 1454; x_wconf 87' lang='lat' dir='ltr'><strong>dc</strong></span> 
     </span>
     <span class='ocr_line' id='line_1_18' title="bbox 169 1475 960 1546; baseline 0 -18"><span class='ocrx_word' id='word_1_124' title='bbox 169 1493 231 1546; x_wconf 89' lang='lat' dir='ltr'><strong>pace</strong></span> <span class='ocrx_word' id='word_1_125' title='bbox 243 1475 351 1545; x_wconf 86' lang='lat' dir='ltr'><strong>denique</strong></span> <span class='ocrx_word' id='word_1_126' title='bbox 363 1493 392 1530; x_wconf 88' lang='lat' dir='ltr'><strong>ac</strong></span> <span class='ocrx_word' id='word_1_127' title='bbox 404 1475 469 1528; x_wconf 91' lang='lat' dir='ltr'><strong>bello</strong></span> <span class='ocrx_word' id='word_1_128' title='bbox 481 1475 628 1546; x_wconf 88' lang='lat' dir='ltr'><strong>plerumque</strong></span> <span class='ocrx_word' id='word_1_129' title='bbox 636 1475 664 1530; x_wconf 90' lang='lat' dir='ltr'><strong>in</strong></span> <span class='ocrx_word' id='word_1_130' title='bbox 675 1475 796 1530; x_wconf 77' lang='lat' dir='ltr'><strong>conviviis</strong></span> <span class='ocrx_word' id='word_1_131' title='bbox 805 1475 960 1540; x_wconf 77' lang='lat' dir='ltr'><strong>consultant,</strong></span> 
     </span>
     <span class='ocr_line' id='line_1_19' title="bbox 169 1549 962 1620; baseline 0 -16"><span class='ocrx_word' id='word_1_132' title='bbox 169 1555 290 1620; x_wconf 84' lang='lat' dir='ltr'><strong>tanquam</strong></span> <span class='ocrx_word' id='word_1_133' title='bbox 305 1550 374 1604; x_wconf 89' lang='lat' dir='ltr'><strong>nullo</strong></span> <span class='ocrx_word' id='word_1_134' title='bbox 389 1551 470 1620; x_wconf 80' lang='lat' dir='ltr'><strong>magis</strong></span> <span class='ocrx_word' id='word_1_135' title='bbox 486 1554 600 1620; x_wconf 89' lang='lat' dir='ltr'><strong>tempore</strong></span> <span class='ocrx_word' id='word_1_136' title='bbox 616 1557 660 1606; x_wconf 85' lang='lat' dir='ltr'><strong>eut</strong></span> <span class='ocrx_word' id='word_1_137' title='bbox 677 1549 849 1620; x_wconf 69' lang='lat' dir='ltr'><strong>ademptione</strong></span> <span class='ocrx_word' id='word_1_138' title='bbox 865 1551 962 1620; x_wconf 84' lang='lat' dir='ltr'><strong>cogite·</strong></span> 
     </span>
     <span class='ocr_line' id='line_1_20' title="bbox 145 1624 961 1698; baseline -0.001 -17"><span class='ocrx_word' id='word_1_139' title='bbox 145 1627 252 1681; x_wconf 68' lang='lat' dir='ltr'><strong>ttiones</strong></span> <span class='ocrx_word' id='word_1_140' title='bbox 263 1628 350 1694; x_wconf 90' lang='lat' dir='ltr'><strong>pateat</strong></span> <span class='ocrx_word' id='word_1_141' title='bbox 366 1624 465 1678; x_wconf 73' lang='lat' dir='ltr'><strong>animm</strong></span> <span class='ocrx_word' id='word_1_142' title='bbox 481 1629 526 1679; x_wconf 85' lang='lat' dir='ltr'><strong>aut</strong></span> <span class='ocrx_word' id='word_1_143' title='bbox 542 1625 574 1680; x_wconf 89' lang='lat' dir='ltr'><strong>ad</strong></span> <span class='ocrx_word' id='word_1_144' title='bbox 590 1644 694 1698; x_wconf 75' lang='lat' dir='ltr'><strong>magnac</strong></span> <span class='ocrx_word' id='word_1_145' title='bbox 709 1625 853 1680; x_wconf 77' lang='lat' dir='ltr'><strong>incalescat.</strong></span> <span class='ocrx_word' id='word_1_146' title='bbox 889 1627 961 1680; x_wconf 79' lang='lat' dir='ltr'><strong>Gens</strong></span> 
     </span>
     <span class='ocr_line' id='line_1_21' title="bbox 169 1697 961 1771; baseline 0 -15"><span class='ocrx_word' id='word_1_147' title='bbox 169 1719 222 1756; x_wconf 90' lang='lat' dir='ltr'><strong>non</strong></span> <span class='ocrx_word' id='word_1_148' title='bbox 242 1704 327 1754; x_wconf 79' lang='lat' dir='ltr'><strong>astuta</strong></span> <span class='ocrx_word' id='word_1_149' title='bbox 344 1717 392 1754; x_wconf 88' lang='lat' dir='ltr'><strong>nec</strong></span> <span class='ocrx_word' id='word_1_150' title='bbox 411 1699 501 1754; x_wconf 81' lang='lat' dir='ltr'><strong>callida</strong></span> <span class='ocrx_word' id='word_1_151' title='bbox 524 1702 604 1771; x_wconf 87' lang='lat' dir='ltr'><strong>aperit</strong></span> <span class='ocrx_word' id='word_1_152' title='bbox 628 1697 710 1756; x_wconf 86' lang='lat' dir='ltr'><strong>adhuc</strong></span> <span class='ocrx_word' id='word_1_153' title='bbox 729 1704 826 1756; x_wconf 80' lang='lat' dir='ltr'><strong>secreta</strong></span> <span class='ocrx_word' id='word_1_154' title='bbox 848 1703 961 1770; x_wconf 76' lang='lat' dir='ltr'><strong>pectoris</strong></span> 
     </span>
     <span class='ocr_line' id='line_1_22' title="bbox 143 1775 961 1846; baseline 0 -14"><span class='ocrx_word' id='word_1_155' title='bbox 143 1777 272 1832; x_wconf 88' lang='lat' dir='ltr'><strong>&#39;licentia</strong></span> <span class='ocrx_word' id='word_1_156' title='bbox 292 1776 351 1846; x_wconf 89' lang='lat' dir='ltr'><strong>joci.</strong></span> <span class='ocrx_word' id='word_1_157' title='bbox 396 1775 466 1846; x_wconf 79' lang='lat' dir='ltr'><strong>Ergo</strong></span> <span class='ocrx_word' id='word_1_158' title='bbox 490 1775 591 1832; x_wconf 79' lang='lat' dir='ltr'><strong>detecta</strong></span> <span class='ocrx_word' id='word_1_159' title='bbox 613 1781 641 1832; x_wconf 88' lang='lat' dir='ltr'><strong>et</strong></span> <span class='ocrx_word' id='word_1_160' title='bbox 660 1777 730 1832; x_wconf 89' lang='lat' dir='ltr'><strong>nuda</strong></span> <span class='ocrx_word' id='word_1_161' title='bbox 752 1777 864 1830; x_wconf 88' lang='lat' dir='ltr'><strong>omnium</strong></span> <span class='ocrx_word' id='word_1_162' title='bbox 886 1795 961 1832; x_wconf 79' lang='lat' dir='ltr'><strong>mena</strong></span> 
     </span>
     <span class='ocr_line' id='line_1_23' title="bbox 169 1851 961 1925; baseline -0.003 -17"><span class='ocrx_word' id='word_1_163' title='bbox 169 1861 272 1925; x_wconf 84' lang='lat' dir='ltr'><strong>postera</strong></span> <span class='ocrx_word' id='word_1_164' title='bbox 295 1851 336 1908; x_wconf 90' lang='lat' dir='ltr'><strong>die</strong></span> <span class='ocrx_word' id='word_1_165' title='bbox 358 1854 519 1920; x_wconf 79' lang='lat' dir='ltr'><strong>retractabit,</strong></span> <span class='ocrx_word' id='word_1_166' title='bbox 543 1857 570 1906; x_wconf 88' lang='lat' dir='ltr'><strong>et</strong></span> <span class='ocrx_word' id='word_1_167' title='bbox 590 1853 814 1923; x_wconf 81' lang='lat' dir='ltr'><strong>salva-utriusque</strong></span> <span class='ocrx_word' id='word_1_168' title='bbox 828 1853 961 1922; x_wconf 67' lang='lat' dir='ltr'><strong>,temporis</strong></span> 
     </span>
     <span class='ocr_line' id='line_1_24' title="bbox 169 1928 964 2000; baseline -0.003 -14"><span class='ocrx_word' id='word_1_169' title='bbox 169 1931 235 1986; x_wconf 85' lang='lat' dir='ltr'><strong>ratio</strong></span> <span class='ocrx_word' id='word_1_170' title='bbox 253 1933 300 1985; x_wconf 84' lang='lat' dir='ltr'><strong>est.</strong></span> <span class='ocrx_word' id='word_1_171' title='bbox 336 1928 493 1992; x_wconf 87' lang='lat' dir='ltr'><strong>Deliberant,</strong></span> <span class='ocrx_word' id='word_1_172' title='bbox 512 1928 572 1982; x_wconf 89' lang='lat' dir='ltr'><strong>dum</strong></span> <span class='ocrx_word' id='word_1_173' title='bbox 592 1929 687 2000; x_wconf 83' lang='lat' dir='ltr'><strong>fingere</strong></span> <span class='ocrx_word' id='word_1_174' title='bbox 705 1929 838 1992; x_wconf 78' lang='lat' dir='ltr'><strong>nesciunt3</strong></span> <span class='ocrx_word' id='word_1_175' title='bbox 864 1929 964 1984; x_wconf 83' lang='lat' dir='ltr'><strong>consti·</strong></span> 
     </span>
     <span class='ocr_line' id='line_1_25' title="bbox 123 2002 962 2074; baseline -0.006 -10"><span class='ocrx_word' id='word_1_176' title='bbox 123 2011 256 2072; x_wconf 82' lang='lat' dir='ltr'><strong>23tunnt‚</strong></span> <span class='ocrx_word' id='word_1_177' title='bbox 281 2006 342 2060; x_wconf 90' lang='lat' dir='ltr'><strong>dum</strong></span> <span class='ocrx_word' id='word_1_178' title='bbox 366 2023 449 2059; x_wconf 88' lang='lat' dir='ltr'><strong>errare</strong></span> <span class='ocrx_word' id='word_1_179' title='bbox 472 2021 524 2057; x_wconf 89' lang='lat' dir='ltr'><strong>non</strong></span> <span class='ocrx_word' id='word_1_180' title='bbox 546 2009 662 2074; x_wconf 78' lang='lat' dir='ltr'><strong>possunt.</strong></span> <span class='ocrx_word' id='word_1_181' title='bbox 710 2004 788 2058; x_wconf 88' lang='lat' dir='ltr'><strong>Potui</strong></span> <span class='ocrx_word' id='word_1_182' title='bbox 810 2002 904 2057; x_wconf 88' lang='lat' dir='ltr'><strong>humor</strong></span> <span class='ocrx_word' id='word_1_183' title='bbox 928 2022 962 2059; x_wconf 87' lang='lat' dir='ltr'><strong>ex</strong></span> 
     </span>
     <span class='ocr_line' id='line_1_26' title="bbox 170 2077 963 2151; baseline -0.006 -12"><span class='ocrx_word' id='word_1_184' title='bbox 170 2083 265 2140; x_wconf 90' lang='lat' dir='ltr'><strong>hordeo</strong></span> <span class='ocrx_word' id='word_1_185' title='bbox 284 2086 330 2137; x_wconf 85' lang='lat' dir='ltr'><strong>aut</strong></span> <span class='ocrx_word' id='word_1_186' title='bbox 351 2081 487 2144; x_wconf 79' lang='lat' dir='ltr'><strong>frumento,</strong></span> <span class='ocrx_word' id='word_1_187' title='bbox 506 2079 534 2132; x_wconf 90' lang='lat' dir='ltr'><strong>in</strong></span> <span class='ocrx_word' id='word_1_188' title='bbox 552 2079 678 2151; x_wconf 86' lang='lat' dir='ltr'><strong>quandam</strong></span> <span class='ocrx_word' id='word_1_189' title='bbox 696 2077 887 2133; x_wconf 87' lang='lat' dir='ltr'><strong>similitudinem</strong></span> <span class='ocrx_word' id='word_1_190' title='bbox 909 2080 963 2134; x_wconf 87' lang='lat' dir='ltr'><strong>vini</strong></span> 
     </span>
     <span class='ocr_line' id='line_1_27' title="bbox 170 2155 963 2228; baseline -0.004 -15"><span class='ocrx_word' id='word_1_191' title='bbox 170 2163 320 2228; x_wconf 84' lang='lat' dir='ltr'><strong>corruptus:</strong></span> <span class='ocrx_word' id='word_1_192' title='bbox 339 2156 450 2228; x_wconf 87' lang='lat' dir='ltr'><strong>proximi</strong></span> <span class='ocrx_word' id='word_1_193' title='bbox 473 2155 534 2226; x_wconf 77' lang='lat' dir='ltr'><strong>ripe</strong></span> <span class='ocrx_word' id='word_1_194' title='bbox 557 2159 584 2210; x_wconf 90' lang='lat' dir='ltr'><strong>et</strong></span> <span class='ocrx_word' id='word_1_195' title='bbox 604 2155 692 2210; x_wconf 72' lang='lat' dir='ltr'><strong>mnam</strong></span> <span class='ocrx_word' id='word_1_196' title='bbox 712 2158 865 2208; x_wconf 86' lang='lat' dir='ltr'><strong>mercantur.</strong></span> <span class='ocrx_word' id='word_1_197' title='bbox 903 2155 963 2210; x_wconf 85' lang='lat' dir='ltr'><strong>cibi</strong></span> 
     </span>
     <span class='ocr_line' id='line_1_28' title="bbox 170 2231 960 2306; baseline -0.009 -16"><span class='ocrx_word' id='word_1_198' title='bbox 170 2236 303 2306; x_wconf 78' lang='lat' dir='ltr'><strong>simplices,</strong></span> <span class='ocrx_word' id='word_1_199' title='bbox 317 2234 427 2305; x_wconf 80' lang='lat' dir='ltr'><strong>agrestia</strong></span> <span class='ocrx_word' id='word_1_200' title='bbox 440 2249 522 2303; x_wconf 75' lang='lat' dir='ltr'><strong>poma,</strong></span> <span class='ocrx_word' id='word_1_201' title='bbox 531 2250 619 2286; x_wconf 84' lang='lat' dir='ltr'><strong>recens</strong></span> <span class='ocrx_word' id='word_1_202' title='bbox 631 2232 685 2286; x_wconf 85' lang='lat' dir='ltr'><strong>fera</strong></span> <span class='ocrx_word' id='word_1_203' title='bbox 696 2235 741 2298; x_wconf 82' lang='lat' dir='ltr'><strong>ant</strong></span> <span class='ocrx_word' id='word_1_204' title='bbox 752 2231 791 2284; x_wconf 90' lang='lat' dir='ltr'><strong>lao</strong></span> <span class='ocrx_word' id='word_1_205' title='bbox 803 2234 960 2289; x_wconf 74' lang='lat' dir='ltr'><strong>concretum</strong></span> 
     </span>
     <span class='ocr_line' id='line_1_29' title="bbox 171 2305 961 2380; baseline -0.003 -18"><span class='ocrx_word' id='word_1_206' title='bbox 171 2311 230 2364; x_wconf 85' lang='lat' dir='ltr'><strong>Sine</strong></span> <span class='ocrx_word' id='word_1_207' title='bbox 258 2314 389 2380; x_wconf 86' lang='lat' dir='ltr'><strong>apparatu,</strong></span> <span class='ocrx_word' id='word_1_208' title='bbox 420 2309 474 2362; x_wconf 84' lang='lat' dir='ltr'><strong>nine</strong></span> <span class='ocrx_word' id='word_1_209' title='bbox 498 2307 676 2361; x_wconf 83' lang='lat' dir='ltr'><strong>blandimentis</strong></span> <span class='ocrx_word' id='word_1_210' title='bbox 700 2305 831 2376; x_wconf 66' lang='lat' dir='ltr'><strong>expellunt</strong></span> <span class='ocrx_word' id='word_1_211' title='bbox 857 2305 961 2360; x_wconf 81' lang='lat' dir='ltr'><strong>famem.</strong></span> 
     </span>
     <span class='ocr_line' id='line_1_30' title="bbox 146 2380 962 2452; baseline 0 -16"><span class='ocrx_word' id='word_1_212' title='bbox 146 2383 301 2444; x_wconf 76' lang='lat' dir='ltr'><strong>2Adversus</strong></span> <span class='ocrx_word' id='word_1_213' title='bbox 314 2385 382 2438; x_wconf 86' lang='lat' dir='ltr'><strong>sitim</strong></span> <span class='ocrx_word' id='word_1_214' title='bbox 394 2402 446 2438; x_wconf 91' lang='lat' dir='ltr'><strong>non</strong></span> <span class='ocrx_word' id='word_1_215' title='bbox 462 2383 551 2437; x_wconf 88' lang='lat' dir='ltr'><strong>eadem</strong></span> <span class='ocrx_word' id='word_1_216' title='bbox 568 2382 744 2452; x_wconf 85' lang='lat' dir='ltr'><strong>temperentia.</strong></span> <span class='ocrx_word' id='word_1_217' title='bbox 781 2381 809 2435; x_wconf 82' lang='lat' dir='ltr'><strong>si</strong></span> <span class='ocrx_word' id='word_1_218' title='bbox 823 2380 962 2436; x_wconf 81' lang='lat' dir='ltr'><strong>indulseris</strong></span> 
     </span>
    </p>
   </div>
   <div class='ocr_carea' id='block_1_3' title="bbox 170 2456 1038 2528">
    <p class='ocr_par' dir='ltr' id='par_1_3' title="bbox 170 2456 1038 2528">
     <span class='ocr_line' id='line_1_31' title="bbox 170 2456 1038 2528; baseline 0.005 -19"><span class='ocrx_word' id='word_1_219' title='bbox 170 2457 287 2510; x_wconf 87' lang='lat' dir='ltr'><strong>ebrietati</strong></span> <span class='ocrx_word' id='word_1_220' title='bbox 296 2459 455 2526; x_wconf 84' lang='lat' dir='ltr'><strong>suggerendo</strong></span> <span class='ocrx_word' id='word_1_221' title='bbox 465 2464 588 2528; x_wconf 88' lang='lat' dir='ltr'><strong>quantum</strong></span> <span class='ocrx_word' id='word_1_222' title='bbox 597 2458 789 2528; x_wconf 82' lang='lat' dir='ltr'><strong>concupiscunt,</strong></span> <span class='ocrx_word' id='word_1_223' title='bbox 797 2456 867 2512; x_wconf 79' lang='lat' dir='ltr'><strong>band</strong></span> <span class='ocrx_word' id='word_1_224' title='bbox 875 2458 963 2512; x_wconf 80' lang='lat' dir='ltr'><strong>minos</strong></span> <span class='ocrx_word' id='word_1_225' title='bbox 1037 2525 1038 2528; x_wconf 8' lang='grc' dir='ltr'><strong>Ἴ</strong></span> 
     </span>
    </p>
   </div>
   <div class='ocr_carea' id='block_1_4' title="bbox 170 2529 652 2598">
    <p class='ocr_par' dir='ltr' id='par_1_4' title="bbox 170 2529 652 2598">
     <span class='ocr_line' id='line_1_32' title="bbox 170 2529 652 2598; baseline 0.012 -17"><span class='ocrx_word' id='word_1_226' title='bbox 170 2529 243 2582; x_wconf 84' lang='lat' dir='ltr'><strong>facile</strong></span> <span class='ocrx_word' id='word_1_227' title='bbox 254 2530 324 2583; x_wconf 77' lang='lat' dir='ltr'><strong>vitiis</strong></span> <span class='ocrx_word' id='word_1_228' title='bbox 336 2548 410 2598; x_wconf 88' lang='lat' dir='ltr'><strong>quam</strong></span> <span class='ocrx_word' id='word_1_229' title='bbox 423 2533 498 2586; x_wconf 84' lang='lat' dir='ltr'><strong>armis</strong></span> <span class='ocrx_word' id='word_1_230' title='bbox 511 2533 652 2587; x_wconf 85' lang='lat' dir='ltr'><strong>vincentur.</strong></span> 
     </span>
    </p>
   </div>
   <div class='ocr_carea' id='block_1_5' title="bbox 123 2589 965 2678">
    <p class='ocr_par' dir='ltr' id='par_1_5' title="bbox 123 2563 1038 2678">
     <span class='ocr_line' id='line_1_33' title="bbox 123 2589 965 2678; baseline 0.012 -25"><span class='ocrx_word' id='word_1_231' title='bbox 123 2607 163 2660; x_wconf 80' lang='lat'><strong>24</strong></span> <span class='ocrx_word' id='word_1_232' title='bbox 205 2603 291 2656; x_wconf 84' lang='lat' dir='ltr'><strong>Genus</strong></span> <span class='ocrx_word' id='word_1_233' title='bbox 315 2605 516 2671; x_wconf 85' lang='lat' dir='ltr'><strong>spectaculorum</strong></span> <span class='ocrx_word' id='word_1_234' title='bbox 540 2626 619 2662; x_wconf 90' lang='lat' dir='ltr'><strong>unum</strong></span> <span class='ocrx_word' id='word_1_235' title='bbox 644 2611 720 2678; x_wconf 86' lang='lat' dir='ltr'><strong>atque</strong></span> <span class='ocrx_word' id='word_1_236' title='bbox 743 2607 771 2660; x_wconf 92' lang='lat' dir='ltr'><strong>in</strong></span> <span class='ocrx_word' id='word_1_237' title='bbox 795 2607 865 2661; x_wconf 91' lang='lat' dir='ltr'><strong>omni</strong></span> <span class='ocrx_word' id='word_1_238' title='bbox 892 2589 965 2666; x_wconf 74' lang='lat' dir='ltr'><strong>enta</strong></span> 
     </span>
    </p>
   </div>
   <div class='ocr_carea' id='block_1_6' title="bbox 170 2675 965 2751">
    <p class='ocr_par' dir='ltr' id='par_1_6' title="bbox 170 2675 965 2751">
     <span class='ocr_line' id='line_1_34' title="bbox 170 2675 965 2751; baseline 0.014 -23"><span class='ocrx_word' id='word_1_239' title='bbox 170 2675 244 2730; x_wconf 90' lang='lat' dir='ltr'><strong>idem.</strong></span> <span class='ocrx_word' id='word_1_240' title='bbox 280 2675 351 2729; x_wconf 83' lang='lat' dir='ltr'><strong>Nudi</strong></span> <span class='ocrx_word' id='word_1_241' title='bbox 371 2675 484 2744; x_wconf 80' lang='lat' dir='ltr'><strong>juvenes,</strong></span> <span class='ocrx_word' id='word_1_242' title='bbox 508 2681 600 2751; x_wconf 83' lang='lat' dir='ltr'><strong>quibus</strong></span> <span class='ocrx_word' id='word_1_243' title='bbox 623 2683 650 2736; x_wconf 93' lang='lat' dir='ltr'><strong>id</strong></span> <span class='ocrx_word' id='word_1_244' title='bbox 673 2683 798 2750; x_wconf 84' lang='lat' dir='ltr'><strong>ludicrum</strong></span> <span class='ocrx_word' id='word_1_245' title='bbox 821 2687 870 2747; x_wconf 85' lang='lat' dir='ltr'><strong>est,</strong></span> <span class='ocrx_word' id='word_1_246' title='bbox 892 2683 965 2740; x_wconf 89' lang='lat' dir='ltr'><strong>inter</strong></span> 
     </span>
    </p>
   </div>
   <div class='ocr_carea' id='block_1_7' title="bbox 0 0 1058 3022">
    <p class='ocr_par' dir='ltr' id='par_1_7' title="bbox 0 0 1058 3022">
     <span class='ocr_line' id='line_1_35' title="bbox 0 0 1058 3022; baseline 0 0"><span class='ocrx_word' id='word_1_247' title='bbox 0 0 1058 3022; x_wconf 95' lang='lat' dir='ltr'><strong> </strong></span> 
     </span>
    </p>
   </div>
  </div>
 </body>
</html>
