2104 3022
173 148 225 196 278
509 146 629 196 ΤΑΟΙΤῙ

807 209 843 258 [Α.
854 208 882 250 u.
891 209 914 248 o.
922 209 970 250 aaa.

174 256 255 327 aquia,
268 255 344 312 simul
354 255 461 312 rumores
474 255 550 311 silvas
562 256 673 327 equitem
688 256 829 326 peratrltare
837 258 970 327 jussisset,

176 337 309 403 aeoaptum
330 330 432 403 aliquod
448 332 542 388 vulnus
562 350 608 404 par
627 332 731 387 nimiam
754 333 871 387 fiduciam
891 333 969 389 forat.

152 409 304 464 &Ceterum
321 408 366 464 ubi
381 408 534 479 oompositos
550 408 629 464 firmis
644 407 774 465 ordinibus
793 409 865 480 sequi
879 427 970 465 rursus

174 485 268 549 videm,
287 485 314 538 in
334 484 423 555 fugam
442 484 517 550 versi,
535 502 588 539 non
607 484 757 555 agminibus,
775 487 806 539 ut
827 485 905 555 prius,
921 503 971 541 neo

175 561 240 616 alius
252 560 329 616 alium
344 563 525 630 respectantes,
538 561 590 616 rari
601 563 627 614 et
643 559 776 616 vitabundi
791 560 899 616 invisam
914 561 971 616 lon·

150 637 271 706 tgiuqna
285 640 364 706 atqua
381 636 438 692 avia
452 636 556 706 patiare.
593 636 664 692 Finis
680 635 802 708 aequandi
817 653 869 692 nox
885 645 913 692 et
929 655 970 692 sa·

173 713 252 767 tietas
263 711 320 766 fuit.
357 711 429 768 (lasa
440 712 552 767 hostium
564 711 597 768 ad
612 711 698 768 danem
710 712 801 768 millia:
820 715 970 768 nostrorum

173 787 284 843 mouenti
295 788 427 860 sexaginta
440 788 562 854 oeoideta,
573 788 601 844 in
612 789 669 859 quis
681 788 763 844 Aulus
778 789 890 854 Attium,
902 806 972 860 prra-

173 863 257 920 iootns
281 864 401 930 cohortis,
419 865 528 936 juvenili
548 865 637 920 ardore
660 867 687 920 at
710 864 805 920 ferocia
825 865 884 936 aqui
907 865 968 919 hos·

129 938 243 996 autibus
263 940 357 996 illatus.
391 940 427 995 nt
444 959 497 996 nox
518 940 618 1010 qnidam
639 940 732 1011 gaudio
752 939 887 1012 praedaque
909 940 971 997 lata

173 1016 327 1072 viatoribus:
346 1016 464 1071 Britanni
479 1016 600 1087 palantes,
612 1016 743 1088 mixtoque
754 1016 867 1072 virorum
878 1016 969 1072 mulie·

172 1110 280 1164 numqua
291 1093 392 1163 ploratu
403 1092 504 1147 trahere
519 1091 672 1159 vulnerator,
684 1110 774 1148 vooara
789 1093 912 1163 integros,
924 1091 968 1148 de·

173 1187 257 1224 serere
273 1167 361 1224 domos
376 1185 406 1224 ao
421 1185 468 1238 per
482 1168 545 1222 iram
559 1167 628 1223 ultro
643 1168 784 1233 iuoendera,
798 1168 891 1239 eligere
907 1167 970 1223 lato·

173 1243 242 1312 bras,
253 1249 280 1300 et
292 1244 380 1300 statim
391 1243 549 1314 relinquere;
566 1244 672 1298 munere
687 1244 796 1298 invioam
807 1243 913 1298 oonsilin
923 1243 970 1298 ali-

174 1337 232 1390 qua,
245 1319 304 1376 dein
315 1337 446 1390 separara3
463 1319 596 1391 aliqnando
612 1319 696 1390 tangi
712 1323 818 1390 aspectu
833 1319 971 1390 pignorum

150 1401 287 1463 tenorum,
303 1396 396 1466 sapius
412 1396 541 1452 oonoitari.
579 1396 697 1466 dansque
713 1395 855 1463 oonntnhnt,
867 1395 971 1452 saeuam

173 1471 296 1544 quosdam
306 1472 334 1527 in
349 1471 470 1543 nonjuges
485 1490 515 1528 aa
530 1472 631 1540 liberos,
643 1478 765 1543 tauquam
779 1472 970 1528 misererentur.

174 1547 310 1602 Proximus
329 1547 383 1602 dies
399 1548 490 1603 faeiem
505 1547 618 1603 victoriae
633 1548 711 1604 latius
726 1548 841 1618 apertuit:
867 1553 971 1604 vastum

173 1621 269 1692 ubiqua
284 1622 421 1687 ukntirrm,
438 1623 530 1678 seoreti
545 1623 631 1688 eolles,
646 1624 772 1680 fumantia
786 1623 875 1694 prooul
890 1627 970 1690 taeta,

149 1703 246 1754 tnamo
258 1697 458 1769 exploratoribus
472 1699 570 1755 obvius.
598 1699 699 1759 Quibus
711 1700 739 1754 in
754 1717 855 1755 omnam
870 1703 971 1770 partam

174 1773 294 1840 dimissis,
306 1774 351 1830 ubi
366 1775 463 1830 ineerta
478 1775 547 1847 inge
563 1775 672 1846 vestigia
687 1793 770 1848 nequa
785 1793 894 1846 usquam
909 1793 971 1831 oon-

172 1851 271 1922 globari
281 1852 369 1907 hostes
385 1856 551 1922 compertum,
564 1855 590 1907 et
606 1854 761 1922 exaotajam
777 1855 868 1907 astato
883 1852 970 1923 spargi

172 1928 266 1984 ballum
278 1927 408 2000 nequibat,
416 1928 444 1984 iu
455 1928 519 1984 fines
528 1928 695 1984 Borestorum
707 1928 848 1984 samnitum
857 1927 969 1984 deducit.

149 2003 215 2060 thi
226 2005 338 2076 aonaptis
349 2004 487 2070 obsidibus,
504 2005 625 2076 praieoto
636 2004 725 2060 elassis
742 2003 896 2060 ounumralri
911 2003 971 2058 Bri-

171 2081 286 2136 tanniam
305 2081 433 2152 presepit.
467 2081 543 2136 Data
563 2080 596 2136 ad
614 2079 642 2136 id
661 2081 735 2146 drea,
758 2084 785 2135 at
806 2083 971 2150 praoassarat

171 2164 263 2212 terror.
298 2158 360 2228 Ipse
377 2156 488 2227 peditem
504 2161 581 2228 atqua
597 2156 696 2228 aquitae
713 2155 784 2211 lento
799 2156 899 2220 itinera,
917 2173 971 2226 quo

171 2249 294 2286 nonarum
306 2233 422 2303 gentium
434 2232 510 2287 animi
519 2232 575 2302 ipsa
586 2231 710 2286 transitus
722 2249 793 2286 mora
801 2235 971 2299 terrerentur,

148 2305 199 2359 tin
207 2307 318 2362 hibernis
327 2308 428 2364 locavit.
464 2308 500 2363 nt
510 2307 584 2362 simul
596 2307 684 2363 dassia
693 2307 805 2362 secunda
815 2311 972 2377 tempestato

171 2396 201 2432 ae
213 2380 281 2434 loma
296 2382 474 2438 Trntulensem
485 2387 588 2454 portum
600 2383 691 2451 tenuit,
703 2383 771 2440 unda
785 2383 902 2455 proximo
910 2383 973 2439 Bri-

171 2453 265 2506 tanne
278 2454 357 2510 lutere
369 2457 437 2513 lecto
448 2460 519 2513 omni
529 2458 648 2514 redierat.

125 2533 162 2586 89
207 2526 287 2610 Ituna
301 2547 386 2584 rurum
400 2549 510 2598 aureum,
525 2552 668 2605 quanquam
683 2533 753 2590 nulla
768 2534 905 2590 verborum
913 2537 974 2604 jao-

170 2602 253 2653 tantm
269 2602 383 2670 epistolis
401 2607 528 2676 Agrioolae
545 2615 657 2675 anetum,
676 2614 707 2666 ut
724 2610 872 2666 Domitiano
890 2610 973 2669 moris

170 2676 233 2739 unt,
245 2672 329 2732 smnio
340 2676 422 2744 littus,
435 2685 538 2750 pectore
550 2685 642 2740 anxius
658 2685 770 2757 axoapit.
806 2687 895 2742 Inerat
907 2704 972 2744 oon-
