2086 3026
80 201 192 254 Amo
260 141 513 192 fflsrorrrnuum
531 143 574 192 lV.
592 142 694 194 ⁷4-77.
825 147 871 199 707

78 269 143 325 quos
155 206 278 309 incretos
285 254 437 325 mtercrpere
444 253 566 309 70070007
602 253 733 309 Romanus
742 257 896 312 0707077004

77 333 163 385 000770
180 331 250 384 70000
268 331 383 402 ruboque
402 329 577 395 circumdedit,
599 330 660 400 quis
679 333 775 385 temere
795 336 871 388 00700

77 405 171 460 7070770
180 406 336 462 consederet.
372 406 449 477 Apud
461 407 600 462 Germanos
612 404 720 461 diversis
736 408 870 464 sententiis

77 481 230 538 0077070707.
241 482 507 554 07771700777077007100
515 481 763 538 Transrhenanorum
770 487 868 555 gentes,
879 482 915 542 76
961 493 965 502 ’

77 573 184 627 querum
196 563 292 614 terrore
306 559 394 614 7700700
411 559 503 630 Populi
520 558 631 613 Romani
646 558 713 614 vires
724 558 869 616 obtereren-

75 636 128 688 tur.
165 634 259 698 Gallos,
271 634 332 706 qnid
346 634 422 703 eliud,
438 653 514 706 quem
528 633 640 705 predum
654 635 814 692 victoribus?
832 637 868 693 Et

76 711 170 774 700700,
182 711 251 781 quod
268 710 366 766 roboris
382 712 423 776 sit,
436 711 538 782 Belgm,
551 727 638 765 seeum
655 711 739 781 pulum
750 715 795 767 007
806 717 868 769 roto

75 789 152 842 07070.
189 787 279 852 Tutor,
289 789 450 844 000070770οο
458 786 790 856 0700007070077700700007,
803 789 891 845 ebir-2

74 863 167 928 7001707,
181 864 331 919 coeuntibus
345 863 457 934 undique
468 861 629 917 exercitibus.
666 863 867 921 ιί’7000000700

11 1001 12 1004 ,
74 955 89 993 0
104 940 237 994 Β77700070
254 940 396 1010 legionem.
415 939 479 994 00077
467 942 508 993 700
519 956 553 993 ex
570 937 712 1008 Hispania.
731 939 867 996 edrentere

10 1013 12 1064 3
73 1031 107 1069 ox
119 1015 210 1069 Italic:
229 1033 276 1069 nee
288 1013 477 1070 subitummilit
465 1018 526 1078 tem,
539 1012 584 1068 sed
596 1016 708 1068 veterem
724 1019 866 1084 expertum-

73 1109 124 1162 que
135 1090 202 1145 belli.
239 1090 309 1144 Num
321 1091 466 1154 Germanos,
480 1107 524 1160 qm
516 1087 590 1142 ''ub
582 1088 645 1158 ipsis
661 1093 802 1160 sperentur,
814 1107 890 1179 noris

68 1165 164 1235 juberi,
187 1166 313 1236 nonregi,
326 1165 371 1220 sed
385 1169 477 1220 cuncte
488 1183 521 1219 ex
535 1163 639 1219 libidine
655 1180 746 1234 egere:
765 1167 866 1236 pecnni-

72 1257 164 1313 emqne
182 1259 214 1297 00
232 1241 305 1307 dono,
325 1241 382 1330 quis
398 1240 458 1295 solis
477 1242 678 1311 corrumpentur,
690 1242 787 1310 majore
798 1242 863 1312 opud

71 1319 211 1383 7107770000,
231 1321 258 1372 07
276 1317 402 1372 neminem
418 1316 508 1371 udeo'
500 1335 528 1371 m
546 1333 616 1370 07070
632 1332 748 1386 pronum,
766 1319 797 1370 07
814 1335 866 1373 000

70 1394 139 1449 idem
158 1393 269 1464 pretium
290 1393 391 1465 quietis,
412 1410 487 1464 quum
502 1391 614 1463 periculi,
630 1390 708 1446 070177.
744 1391 822 1452 Quod
842 1394 889 1456 si4

70 1471 159 1526 0707707
177 1469 383 1542 congredientur,
399 1469 480 1525 nolles
496 1487 552 1524 esse
572 1467 672 1532 Ceriali,
690 1467 740 1524 0707
757 1485 789 1524 077
805 1470 864 1526 7077-

70 1547 136 1618 quiis
155 1545 299 1602 Germanici
316 1545 452 1612 exercitus,
472 1545 591 1617 legiones,
613 1543 749 1600 7707077700
771 1545 863 1601 (701770-

69 1639 127 1676 rum
138 1622 282 1678 obstrictus.
317 1623 400 1694 quue
416 1622 507 1693 ipsum,
525 1620 594 1693 qnod
608 1619 762 1676 inconditum
781 1639 862 1693 nuper

69 1698 201 1753 Valentini
208 1717 311 1754 menum
320 1703 410 1754 000770
418 1717 488 1769 spem
498 1715 569 1752 suem
581 1695 701 1764 fuderint,
715 1697 861 1754 elimentum

69 1773 120 1828 illis
132 1775 250 1844 Ducique
260 1775 422 1830 temeritatis.
458 1776 574 1828 Ausnros
586 1789 674 1827 rursm
690 1777 887 1844 venturosqnes

69 1849 97 1903 70
108 1867 207 1914 070000,
220 1867 272 1904 non
283 1850 395 1920 imperiti
404 1848 592 1912 adolescentuli,
601 1848 678 1902 verbu
685 1851 713 1903 et
719 1849 860 1916 conciones,

69 1941 147 1994 quem
158 1923 255 1978 lerrum
267 1928 379 1990 eternis,
389 1924 542 1988 meditantis,
553 1923 598 1978 sed
606 1922 693 1977 civilis
702 1927 729 1977 07
738 1924 861 1980 Classici:

11 2009 12 2018 ¹
69 2017 134 2070 quos
149 1999 195 2054 ubi
206 2000 358 2068 aspexerint,
375 1999 514 2054 7077770007
533 1999 561 2054 70
580 1997 677 2054 animos
693 1998 859 2064 formidinem,

64 2077 157 2145 iugem
168 2075 310 2146 famemque
323 2093 354 2130 00
364 2075 441 2131 toties
449 2075 529 2145 ceptis
536 2073 674 2145 precarium
683 2073 768 2138 vitem,
779 2091 862 2144 neque

67 2153 192 2207 'lbereros
205 2156 250 2206 007
261 2153 391 2223 Lingonus
403 2151 577 2207 benevolentis
588 2149 728 2206 contineri:
747 2167 860 2221 resump-

67 2233 141 2283 turos
157 2245 233 2293 orme,
252 2227 297 2283 ubi
310 2232 395 2283 metus
410 2227 587 2282 abscesserit.”
622 2225 732 2280 Diremit
746 2225 884 2284 00007706

68 2323 125 2359 7007
143 2304 323 2372 diversitatem,
346 2303 485 2376 approbata
507 2303 611 2358 77770770
635 2301 768 2366 sententia,
791 2301 859 2356 0100-

12 2439 13 2444 ,
68 2381 150 2436 sicus:
170 2380 502 2452 statimqueexsequuntur.
537 2378 625 2434 Medio
636 2377 781 2434 uoiesnbiis
798 2377 906 2443 Isin-77

67 2456 225 2528 genibusque
249 2456 323 2511 dcte:
343 2455 433 2512 dextro
454 2473 533 2512 cornu
549 2455 666 2512 cohortes
683 2455 856 2510 Batavorum:

67 2533 170 2587 07070770
193 2532 313 2588 Bructeri
335 2531 510 2604 Tencterique.
558 2533 621 2588 Pars
645 2531 781 2596 montibus,
807 2530 857 2596 0777,

65 2609 133 2662 riom
144 2607 211 2663 inter
222 2608 406 2680 Mosellamque
414 2609 515 2674 flumen,
525 2611 578 2663 7007
589 2608 720 2679 improvisi
729 2606 858 2670 ussilnere,

66 2688 96 2738 07
107 2685 136 2742 70
146 2684 262 2741 cubiculo
275 2703 304 2742 00
315 2685 409 2741 1007070
421 2684 526 2741 Cerialis
540 2684 709 2756 (nequeenim
717 2686 820 2738 noctem
831 2681 858 2734 in
