2104 3022
204 130 253 179 250
542 125 662 176 TACITI

180 243 296 295 truatur.
333 239 407 293 'tato
423 241 538 308 tempore
558 239 586 293 in
603 237 700 302 silvam,
720 235 833 308 auguriis
850 236 959 305 porum
977 238 1005 289 et

203 316 287 387 prisce
302 313 434 368 tormidine
450 330 556 381 sacram,
572 332 660 369 omnes
676 312 788 383 ejusdem
807 310 941 380 sanguinis
957 327 1005 380 pc·

203 391 258 462 puli
274 389 442 461 legationibus
463 394 566 454 cotunt,
586 407 701 460 caesoque
719 386 818 459 publice
839 385 943 440 homine
962 403 1004 440 ce-

179 466 302 521 alebrant
319 465 419 520 barbari
436 465 502 519 ritus
519 465 645 520 horrenda
661 463 804 535 primordia
840 463 890 516 nst
906 466 935 516 et
953 461 1004 516 alic

203 543 261 597 luco
273 541 421 596 reverentie.
458 541 542 594 Nemo
556 541 605 595 nisi
620 540 721 596 vinculo
736 539 831 609 ligatus
846 537 1001 607 ingrffltur,

203 621 234 671 nt
253 617 342 678 minor,
363 620 390 670 et
414 619 568 686 potestatem
588 617 698 671 numinis
719 633 771 684 prae
792 631 819 668 ee
842 613 936 667 ferens.
974 613 1002 666 Si

203 692 270 746 forte
287 692 419 762 prolapsus
437 695 486 759 eat,
504 693 588 747 attolli
605 697 632 746 et
649 693 781 761 insurgere
797 689 867 743 haud
883 689 1000 743 licitum:

179 775 249 838 4per
265 768 371 821 humum
389 767 548 822 evolvuntur.
584 769 674 838 ltoquc
690 766 772 821 omnis
793 764 1002 852 superstitione·

203 841 739 990 uref‘tutfflttutmurt
750 844 872 986 ”rut
885 857 1001 970 ute

203 999 282 1049 tatem
294 995 398 1049 fortuna
409 996 561 1050 Semnonum
573 1017 578 1048 :
598 999 702 1050 eentum
713 993 773 1064 pagi
784 993 815 1046 iis
832 991 998 1057 habitantum

155 1070 929 1216 40uererentur?intruetur
938 1085 999 1197 tt:

202 1223 273 1277 rimis
289 1240 319 1277 ec
336 1222 515 1276 valentissimis
532 1221 678 1276 nationibus
694 1221 778 1286 cincti,
793 1237 845 1274 non
862 1237 909 1290 per
926 1219 998 1274 oboe-

203 1299 299 1368 quium‚
312 1297 357 1353 sed
369 1298 461 1368 praeliie
474 1301 500 1352 et
517 1298 683 1369 periclitando
694 1297 747 1351 tuti
761 1300 830 1350 sunt.
866 1295 997 1367 Reudigni

203 1373 293 1427 deinde
311 1377 338 1428 et
356 1373 467 1428 Aviones
485 1378 512 1428 et
530 1374 619 1446 Anglii
637 1377 664 1428 ct
681 1373 772 1428 Varini
789 1377 816 1427 et
833 1371 951 1427 Eudoses
971 1375 996 1426 et

203 1448 346 1503 Scardones
355 1453 382 1502 et
394 1449 540 1504 Nuithones
549 1449 695 1504 fluminibus
707 1453 751 1503 cut
761 1448 830 1503 silvia
838 1449 994 1503 muniuntur.

178 1522 260 1576 2Nec
269 1523 402 1592 quicquum
411 1524 523 1578 notabile
531 1524 559 1578 'm
568 1525 684 1596 singulis,
694 1525 742 1578 niei
752 1524 819 1595 quod
828 1524 855 1577 in
864 1541 996 1578 commune

202 1597 339 1662 Nerthum,
350 1597 378 1650 id
389 1601 437 1664 est,
449 1599 552 1652 Terram
565 1607 679 1666 matrem,
693 1599 787 1664 colunt,
802 1617 909 1670 eamque
920 1601 996 1654 inter-

202 1672 288 1726 venire
299 1671 376 1726 rebus
388 1673 526 1738 hominum,
539 1674 625 1730 invehi
639 1677 738 1746 populis
751 1676 914 1730 arbitrantur.
948 1677 994 1730 Est

200 1747 323 1802 ininsula
339 1747 434 1802 Oceani
446 1752 545 1803 castum
561 1769 658 1816 nemus,
672 1752 833 1822 dicatumque
844 1750 872 1804 in
883 1769 914 1805 eo
930 1751 993 1806 rehi-

177 1824 295 1892 acnlum,
306 1827 378 1879 veste
394 1828 548 1880 contectum.
585 1827 722 1898 Attingere
737 1827 783 1882 uni
797 1827 923 1882 sacerdoti
937 1845 994 1882 con-

201 1919 308 1957 cessum.
346 1900 374 1954 Is
387 1899 475 1956 edesse
487 1902 610 1972 penetrati
625 1903 698 1957 deam
710 1903 837 1974 intelligit,
848 1907 993 1974 vectamque

203 1978 284 2033 bubus
293 1976 393 2032 feminis
402 1977 482 2032 multa
491 1996 549 2033 cum
557 1979 719 2034 veneratione
727 1979 897 2049 prosequitur.
930 1979 993 2034 Iraeti

202 2057 264 2107 tunc
282 2053 344 2118 dieu,
363 2053 431 2107 festa
448 2052 512 2119 loca,
532 2071 688 2126 quecunque
709 2057 821 2109 adventu
837 2055 992 2126 hospitioque

177 2129 328 2199 *dignatum
364 2129 426 2183 Non
441 2129 508 2184 bella
523 2129 620 2198 ineunt,
632 2147 684 2184 non
701 2148 771 2184 arma
788 2135 911 2196 eumunt3
927 2131 991 2186 ulau

201 2221 258 2257 eum
278 2221 351 2258 omne
371 2204 481 2272 ferrum3
500 2223 550 2275 pen
572 2208 599 2260 et
623 2206 694 2276 quies
717 2213 780 2262 tunc
802 2210 904 2260 tuntum
926 2211 989 2279 notu,

201 2281 264 2330 tunc
276 2282 376 2332 tentum
392 2285 483 2348 amata,
496 2281 576 2336 donec
590 2281 658 2336 idem
674 2282 790 2337 sacerdos
802 2283 921 2338 satiatam
936 2301 990 2337 con-

177 2352 343 2406 oversatione
360 2356 504 2410 mortalium
517 2355 588 2411 deam
604 2358 699 2428 templo
713 2357 811 2413 reddat.
846 2359 912 2412 Mox
926 2358 990 2413 vehi·

201 2422 285 2474 culum
304 2429 331 2477 et
348 2433 433 2483 vestes
451 2438 485 2496 et,
499 2433 520 2486 si
539 2431 641 2487 credere
658 2433 728 2499 velis,
747 2451 841 2489 numen
858 2435 941 2505 ipsum
958 2453 991 2489 se·

202 2498 272 2546 creto
283 2495 340 2548 lacu
353 2499 471 2558 abluitur.
503 2507 575 2561 Servi
587 2505 739 2574 ministrant,
753 2527 817 2580 quos
830 2510 918 2565 statim
928 2511 991 2566 idem

202 2567 271 2650 ¹⁸⁰}13
284 2569 375 2654 taurit-
399 2576 516 2634 honnus
528 2581 587 2636 hinc
598 2587 682 2639 terror
694 2599 832 2656 sanctaque
843 2587 990 2657 ignorantia

149 2684 157 2698 ι
205 2639 312 2708 mado
325 2643 579 2716 *lludouodrantum
591 2659 804 2728 pentmudent.
