2096 3038
87 286 117 324 A·
127 285 154 323 n.
164 283 206 332 θ’]
273 221 528 271 maronianum
545 221 582 272 11.
600 221 717 275 to-loC
856 225 886 274 Vl

123 333 178 386 Vix
189 331 311 387 credibile
320 336 463 388 memoratu
478 336 521 388 eat
531 337 655 405 quantum
667 333 791 406 superbire
804 351 888 390 sueor-
896 340 932 398 73

87 409 189 478 direque
197 408 302 463 Vitellio
310 408 455 475 adoleverit,
466 413 601 482 postquem
610 413 806 480 sperulotorasa
816 412 889 482 Syrie

1 485 3 501 ¹
86 484 229 555 Judreaque
245 484 363 540 adsutum
379 487 407 540 in
420 485 499 540 rerba
514 487 570 557 ejus
586 487 718 542 Orientem
729 487 886 543 mintiavere.

86 561 158 615 Nam
171 561 221 616 etsi
233 561 304 632 vagis
317 561 399 616 adhue
411 565 439 616 et
450 562 555 618 insertis
567 563 722 631 autoribus,
735 567 790 619 erut
802 567 909 619 tmere

86 637 115 692 in
133 655 177 692 ore
193 637 310 708 fameque
329 638 508 708 Vespasianus,
527 639 723 712 repletumque
741 641 774 696 ed
794 657 888 696 nomen

87 713 145 784 ejus
160 713 282 768 Vitellius
299 714 466 770 excitabatur.
502 715 569 770 'lbm
586 716 641 787 ipse
658 717 843 788 exercitusque,
856 721 887 772 ut

87 789 161 844 nullo
179 790 279 859 emole,
296 791 401 858 milii,
419 790 532 856 libidine,
545 795 622 862 repta
633 793 661 847 in
673 798 792 849 externos
804 807 895 848 moros·

87 870 266 937 proruperant.
302 867 339 921 lt
350 867 524 938 Vespasianus
540 867 634 923 bellum
652 887 780 941 armoque,
792 873 818 924 et
830 870 931 940 pro-74

86 942 131 998 eol
148 942 190 996 rel
203 942 281 1013 juxte
292 943 355 998 sitos
372 943 449 1008 vires,
468 944 708 1014 eiroumspeotsbat.
743 945 820 1000 Miles
837 946 886 1018 ipsi

87 1017 152 1074 odeo
174 1021 287 1088 perotus,
310 1022 342 1074 ut
362 1023 518 1089 preeuntem
539 1025 734 1087 armamentum,
753 1025 780 1076 et
801 1023 887 1077 lausto

86 1093 193 1148 Vitellio
200 1094 286 1149 omnio
296 1098 449 1165 preeuntem,
458 1113 505 1166 per
517 1095 647 1150 silentium
655 1095 789 1151 audierint.
825 1097 908 1152 llo-2

86 1170 154 1226 eieni
165 1171 264 1225 mimus
274 1187 322 1226 neo
330 1171 488 1241 Vespasiano
496 1170 592 1225 alienus
605 1170 666 1225 etin
678 1171 765 1226 Titum
774 1173 885 1241 pronior.

86 1245 229 1300 Preleotus
250 1246 358 1316 dlgypti
385 1247 427 1300 ri.
439 1245 584 1300 Alexander
608 1246 713 1300 oonsilio
736 1247 886 1304 sociaverat.

86 1322 200 1377 Tertium
216 1322 348 1394 legionem,
363 1321 457 1392 quode
470 1322 543 1393 Syrie
560 1321 588 1376 in
603 1322 721 1376 Moesiam
738 1323 884 1390 transisset,

86 1417 161 1453 suam
182 1397 339 1454 numerabat.
375 1398 481 1453 Celere
504 1397 602 1468 lllyrici
622 1398 735 1469 legiones
759 1403 907 1457 semime

86 1474 272 1546 sperebanbrr3
306 1492 415 1546 nemque
444 1492 531 1529 omnes
556 1475 683 1530 exereitus
712 1476 887 1532 flammaverat

86 1551 233 1623 arrogantia
249 1551 405 1607 venientium
421 1569 439 1606 e·
454 1551 562 1606 Vitellio
581 1552 700 1619 militum,
712 1553 781 1625 quod
796 1557 887 1610 truces·

86 1646 200 1699 eorpore,
212 1627 309 1683 horridi
321 1645 443 1695 sermone
455 1631 560 1683 ooeteroe
572 1632 603 1684 ut
615 1629 723 1701 imperes
735 1630 881 1686 irridebant.

87 1705 139 1760 Sed
150 1705 177 1759 in
188 1707 261 1760 tente
272 1705 337 1760 mole
349 1704 409 1760 balli
420 1704 569 1777 pleramque
581 1707 711 1762 cunetatio
722 1728 729 1772 ;
747 1711 774 1762 et
786 1708 908 1778 Vespa-b

86 1782 181 1847 danus,
194 1781 270 1836 modo
286 1781 313 1836 in
328 1799 399 1852 rpem
415 1785 523 1848 erectus,
540 1783 674 1854 aliquando
689 1783 795 1838 adversa
809 1803 882 1853 repu-

85 1857 160 1913 tebet
168 1862 227 1912 :-“
234 1857 300 1917 Quia
308 1857 350 1912 ille
359 1857 413 1912 dies
421 1858 496 1923 iuret,
507 1877 557 1929 quo
567 1860 793 1930 sexaginte-etatis
803 1877 885 1914 anuos

85 1937 113 1989 et
126 1933 189 1988 duos
201 1933 266 1988 lilios
279 1934 385 2004 juvenes
402 1933 469 1988 bello
486 1935 667 2004 permitteret?
693 1935 759 1990 Esse
775 1936 882 2005 privatis

86 2009 282 2082 eogitotionibus
294 2027 464 2081 progressum,
475 2015 502 2064 et
511 2017 587 2080 prout
600 2011 687 2075 velint,
697 2011 754 2080 plue
767 2011 882 2066 minasve

86 2086 153 2140 sumi
167 2103 199 2141 ex
216 2085 335 2140 fumone:
357 2085 493 2156 imperium
510 2086 671 2155 cupientibus
689 2085 753 2140 nihil
771 2085 882 2140 medium

84 2162 154 2216 inter
170 2166 330 2226 summeaut
343 2161 507 2232 principilia?
543 2161 702 2216 Versabatur
718 2164 777 2216 ante
795 2161 880 2216 oeulos
890 2159 925 2219 75

86 2238 231 2294 Germanioi
248 2239 375 2293 exereitus
391 2237 476 2304 robur,
495 2239 585 2292 notum
603 2237 658 2292 viro
676 2235 796 2290 milliari:
821 2254 881 2292 enee

84 2314 198 2386 legiones
225 2314 291 2370 oivili
315 2314 384 2370 bellu
404 2315 557 2385 inexpertae,
582 2313 681 2368 Vitellii
704 2312 829 2378 victrices,
854 2319 881 2370 et

84 2390 153 2461 opud
165 2392 246 2446 vietor
257 2391 315 2461 plus
327 2391 541 2461 querimoniarum
553 2408 630 2460 quem
638 2389 738 2445 uirium.
773 2389 903 2452 Fluxemr

83 2485 130 2539 per
150 2466 292 2523 discordiae
316 2467 425 2522 militum
451 2467 534 2532 fidem,
560 2471 586 2521 at
609 2466 749 2537 perieulum
774 2485 806 2522 ex
830 2468 882 2524 ein·

83 2543 165 2615 gulis:
185 2543 246 2614 quid
263 2543 330 2598 enim
346 2543 493 2613 profuturos
510 2543 628 2598 eohortes
647 2544 757 2614 alasque,
771 2544 794 2598 si
813 2563 881 2598 unua

84 2620 199 2691 alterque
221 2619 342 2691 presenti
365 2619 472 2674 facinori
494 2623 612 2689 peretum
636 2637 669 2674 ex
692 2621 794 2676 diverso
817 2637 882 2687 prro-

3 2690 7 2714 ¹
83 2697 163 2752 mium
190 2697 281 2767 petatl
313 2695 354 2750 Sio
379 2694 571 2749 Scribonianum
600 2693 648 2749 sub
673 2695 779 2748 Claudio
803 2693 903 2751 inter-3

84 2774 196 2838 fertum
222 2773 259 2830 sio
276 2787 451 2844 percussorem
469 2770 524 2840 ejus
545 2769 709 2838 Vobigiuium
729 2785 744 2822 e
764 2765 881 2836 gregario
