2086 3026
251 114 507 165 HISTORIARUM
527 112 570 165 IV.
589 116 690 165 or-en
832 115 877 168 190

4 201 9 310 l
88 177 242 293 tellite
270 227 414 298 proruens,
438 225 584 298 nangae
605 225 633 282 u
662 225 755 282 anan·
782 227 877 284 nerra

87 305 198 370 luerent,
222 321 266 359 eos
289 304 384 360 bellum
408 303 556 374 absumpsit,
580 303 620 358 vol
643 303 671 357 in
691 319 749 358 suas
770 303 877 376 quisque

87 379 161 435 redes
178 380 302 451 reingere.
338 379 462 436 Deduotis
479 379 540 435 olim
557 382 584 434 et
607 377 738 434 nobiseum
755 395 801 449 per
818 393 879 434 oon·

87 457 193 512 nubium
205 457 314 522 sociatis,
328 456 420 527 quique
437 473 496 510 nrox
509 471 655 526 provenere,
668 454 723 509 heo
734 453 817 524 patria
828 458 876 510 est.

88 533 146 589 Nee
161 550 207 588 vos
222 531 285 587 odeo
303 532 403 602 iniquos
417 531 598 596 existimamus,
614 541 646 585 ut
656 530 766 586 interfioi
777 547 793 585 s
803 529 901 588 robur

87 612 213 680 parentes,
234 609 334 673 irntm,
351 607 443 663 liberos
460 612 562 662 nostrus
579 607 671 662 velitis.
706 605 827 678 Vectigal
850 611 877 662 et

87 703 165 740 onera
176 683 382 740 oommeroioruur
393 683 550 739 resolvimus.
587 683 644 738 Sint
656 683 781 738 transitus
792 683 877 738 inons-

86 761 178 826 toditi;
197 761 242 816 sed
259 759 344 815 diurni
357 763 384 814 et
401 759 525 814 inermes:
544 757 624 814 doneo
638 775 705 814 nova
721 763 748 814 et
764 757 878 814 reoentiu

85 837 182 908 jnrain
200 839 353 892 vetustatem
369 833 553 890 eonsuetudine
567 837 708 890 vertuntur.
743 834 900 890 Arbitrum

86 912 234 968 habebunus
253 911 357 966 Oivilem
372 914 400 964 et
414 909 544 974 Veledam,
562 909 629 980 opud
645 927 708 981 quoe
728 914 803 980 poeta
822 927 876 964 een-

4 1053 7 1062 ,
88 988 213 1042 oientur.''
249 987 291 1042 Sio
311 985 397 1041 lenitis
417 985 556 1051 Tencteris,
574 985 653 1055 legati
671 985 704 1040 ad
725 985 829 1040 Civilem
849 997 876 1046 et

87 1062 211 1116 Veledam
226 1062 297 1116 missi
314 1079 372 1116 oum
386 1061 467 1125 donis,
486 1064 579 1115 ounota
594 1077 625 1116 ox
641 1060 773 1116 voluntate
784 1061 877 1131 Agrip·

87 1137 231 1208 pineusium
248 1141 433 1208 perpetravere.
470 1135 521 1190 Sed
541 1153 626 1190 uorum
649 1135 718 1191 adire
735 1136 901 1208 alloquiquet

88 1213 210 1268 Veledam
230 1217 359 1282 negatum.
396 1211 557 1267 Aroebsutur
577 1219 689 1282 aepeotu,
706 1229 755 1284 quo
774 1229 877 1267 venera·

87 1289 165 1346 tionis
182 1289 240 1361 plna
256 1290 360 1344 inesset.
396 1289 456 1358 Ipsa
479 1287 549 1343 edita
570 1288 598 1343 in
620 1291 707 1344 turre:
725 1287 839 1343 delectus
862 1303 878 1344 e

60 1428 67 1443 s
86 1366 235 1438 propinquis
249 1365 365 1421 consulta
381 1381 559 1436 responsaque,
578 1367 609 1420 nt
628 1363 802 1420 internuntiae
821 1364 878 1419 Nu-

85 1442 168 1512 minis,
180 1442 305 1514 portabat.

121 1519 218 1585 Civilis,
241 1519 365 1574 serietate
385 1517 611 1590 Agrippinensium
632 1521 731 1584 anetus,
750 1517 921 1590 proximastd

86 1596 205 1652 oivitntes
223 1596 350 1660 utleotare,
372 1600 417 1650 aut
441 1593 635 1650 adversantibus
658 1595 752 1650 bellum
775 1595 876 1661 inferre,

86 1672 186 1727 statuit.
222 1671 413 1742 Oooupatisqne
426 1671 535 1736 Suniois,
548 1674 575 1726 et
585 1671 721 1742 juventute
732 1689 820 1727 eornm
831 1689 878 1742 per

86 1749 204 1804 cohortes
216 1749 364 1818 pomposite,
378 1765 429 1818 qno
442 1747 526 1802 minus
537 1746 606 1802 ultra
616 1751 741 1820 pergeret,
755 1747 877 1803 Claudius

86 1823 180 1879 Labeo·
193 1823 355 1878 Betasiorum
375 1824 588 1894 'lungmrumque
610 1827 638 1878 et
661 1824 815 1879 Nerviorum
835 1829 878 1878 tu·

87 1899 224 1953 multuario
234 1917 313 1954 maun
322 1899 418 1954 restitit
427 1921 433 1953 r
446 1898 528 1952 iretur
539 1899 602 1962 loeo,
611 1899 671 1968 qnia
681 1903 785 1969 pontem
796 1899 878 1953 Mosre

6 2009 7 2047 3
88 1974 200 2030 fluminis
213 1977 382 2044 enteoeperet.
420 1975 638 2046 Pngnebeturque
651 1975 814 2046 inangrmtiir
826 1979 901 2028 rum-2

87 2049 173 2119 bigne,
198 2049 279 2104 donee
303 2049 424 2104 Germani
446 2053 635 2104 transnatantes
654 2053 729 2121 terga
750 2049 878 2104 Labeonis

87 2125 210 2181 invasere
247 2125 327 2180 Simul
339 2125 436 2191 civilis,
448 2143 534 2189 ausus,
547 2141 580 2179 an
590 2141 624 2180 ex
635 2125 780 2197 oomposito‚
791 2125 878 2180 intulit

88 2220 116 2258 se
140 2201 234 2272 agmini
257 2201 428 2272 Tungrorum,
453 2205 480 2256 et
503 2201 571 2256 olere
593 2217 662 2269 roeo,
687 2201 773 2256 “Non
795 2200 877 2269 ideo‚''

87 2278 180 2349 inquit,
194 2278 310 2333 “bellum
329 2279 491 2348 sumpsimus,
502 2281 533 2332 ut
548 2277 641 2332 Batavi
655 2281 683 2333 et
697 2277 801 2334 Treveri
816 2296 878 2348 gen·

87 2355 158 2410 tibus
173 2355 305 2425 imperent.
342 2355 435 2410 Proeul
449 2353 503 2410 heo
520 2371 536 2408 e
552 2353 625 2409 nobis
641 2355 791 2427 arrogantia
826 2357 877 2412 Ao·

88 2431 165 2502 oipite
176 2431 331 2486 societatem.
361 2429 544 2502 'transgredior
555 2431 588 2486 ad
598 2447 651 2498 vos,
661 2449 708 2488 seu
718 2450 759 2486 me
771 2432 877 2502 Duoem,

88 2526 134 2564 eeu
147 2507 259 2573 militem,
271 2507 417 2563 mavultis.”
452 2507 606 2564 Movebatur
613 2509 712 2581 vulgus,
725 2508 899 2565 oondebentt

88 2601 138 2654 que
162 2583 274 2653 gladios;
304 2601 362 2639 enm
386 2583 530 2654 Campanus
557 2601 587 2640 ao
609 2584 746 2651 Juvenalis,
771 2603 804 2639 ex
825 2584 878 2655 pri·

88 2659 202 2722 moribus
226 2660 394 2732 tungrorum,
418 2660 564 2718 universam
584 2660 609 2718 ei
628 2665 731 2732 gentem
750 2659 876 2716 dedidere
