2070 3204
284 293 537 342 HISTORIARUM
555 293 577 342 1.
596 296 665 342 1-5.
866 293 881 340 3

80 356 110 396 n.
123 355 152 394 n.
164 355 207 405 cu]

79 404 206 475 ambigue
231 404 372 460 manifeste.
408 405 465 461 Nec
488 405 555 460 enim
578 422 692 476 unquam
715 403 904 460 atrocioribuss

79 481 174 552 populi
185 482 295 536 Romani
312 480 425 536 cladibus
437 481 550 553 magisve
558 480 636 551 justis
648 479 747 536 indiciis
760 480 881 552 approbe-

80 561 141 611 turn
159 565 199 612 est
216 575 269 612 non
286 576 342 613 esse
358 575 425 614 curae
441 557 494 613 deis
511 557 674 613 securitatem
690 560 811 623 nostram,
825 575 881 612 esse

81 633 243 758 Ullllbbdiniim
255 705 391 774 antequam
403 701 530 758 destinato
546 720 702 773 componam,
714 702 905 774 repetendum4

81 777 188 834 videtur
200 779 281 852 qualis
300 783 384 834 status
398 779 477 844 urbis,
491 798 547 850 qum
558 797 630 834 mens
642 779 808 845 exercituum,
822 780 879 850 quis

80 855 189 910 babitus
205 856 397 926 provinciarum,
412 855 473 928 quid
486 856 581 910 intuto
596 859 722 911 terrarum
740 857 801 911 orbe
819 856 880 911 veli-

72 931 156 1000 ‚dum,
169 932 229 1003 quid
241 951 338 1004 regrum
349 933 434 998 fuerit,
447 937 477 987 ut
489 950 541 987 nou
552 932 627 987 modo
635 951 708 988 ocsus
721 935 878 1004 eventusque

82 1026 179 1075 renum,
202 1009 247 1079 qui
266 1009 413 1080 plerumque
432 1009 534 1064 fortuiti
552 1013 620 1074 sunt,
643 1009 688 1064 sed
711 1009 777 1064 ratio
801 1009 877 1064 etium

81 1102 218 1156 ceusaeque
241 1088 386 1140 noscantur.
422 1085 493 1140 Finis
518 1086 628 1140 Neronis
651 1089 682 1140 ut
699 1085 773 1141 letus
797 1087 899 1156 primos

81 1161 251 1232 gaudentium
266 1162 365 1232 impetu
376 1161 468 1228 fueret,
481 1162 519 1217 ite
535 1163 618 1218 varios
634 1165 719 1217 motus
736 1163 878 1218 animorum

82 1257 136 1294 non
153 1239 228 1294 modo
246 1239 273 1292 in
290 1238 353 1293 urbe
371 1237 439 1309 apud
456 1241 542 1310 patres
564 1241 608 1292 aut
629 1239 751 1309 populum
771 1242 817 1294 aut
836 1258 877 1294 ur-

82 1314 179 1370 banum
196 1315 309 1380 militem,
325 1314 371 1370 sed
386 1333 473 1370 ornnes
490 1315 602 1386 legiones
619 1314 746 1386 ducesque
762 1315 876 1371 concive-

82 1395 132 1457 rat,
146 1392 264 1463 evulgato
273 1391 373 1462 imperii
381 1408 480 1457 arcano,
490 1409 565 1462 posse
577 1390 714 1462 principem
728 1391 788 1446 abbi
800 1410 876 1462 quern

83 1468 174 1524 Romae
185 1469 247 1524 fieri.
285 1468 335 1524 Sed
350 1471 436 1538 patres
450 1467 509 1533 loeti,
522 1471 645 1538 usurpate
657 1468 744 1522 statim
757 1467 896 1526 libertates

82 1545 201 1600 licentius
219 1547 249 1600 ut
270 1562 331 1616 erge
349 1544 489 1615 principem
504 1561 599 1600 novum
617 1547 644 1599 et
661 1543 806 1611 absentem
825 1546 874 1616 pri-

83 1639 166 1692 mores
186 1621 301 1692 equitum
324 1621 434 1692 proximi
454 1619 547 1692 gaudio
570 1623 692 1691 petrum3
710 1639 768 1692 pers
787 1622 875 1692 populi

83 1697 184 1768 integra
201 1701 227 1752 et
241 1697 339 1768 magnis
358 1696 474 1752 domibus
493 1714 598 1762 annexa,
617 1697 722 1752 clientes
739 1697 874 1768 libertique

85 1773 259 1834 damnatorum
271 1782 297 1829 et
307 1773 409 1828 exulum
421 1773 448 1828 in
460 1791 530 1844 spem
539 1773 631 1828 erecti:
650 1773 721 1844 plebs
734 1773 836 1830 sordido
847 1778 874 1830 et

85 1850 150 1906 circo
168 1869 198 1906 ec
213 1851 320 1906 theatris
337 1853 417 1917 sustu,
431 1850 507 1904 simul
523 1849 653 1905 deterrimi
670 1868 809 1916 servorum,
828 1855 873 1906 eut

85 1927 128 1996 qui
139 1927 220 1983 adesis
229 1927 302 1983 bonis
314 1945 359 1998 per
369 1925 476 1982 dedecus
485 1927 597 1981 Neronis
607 1926 746 1992 elebantur,
755 1927 837 1982 msesti
846 1930 873 1982 et

84 2021 212 2058 rumorum
219 2003 293 2060 uvidi.
310 2003 387 2058 Miles
396 2002 508 2058 urbanus
515 2003 591 2074 longo
599 2003 727 2057 Caessrum
735 2005 897 2060 subtemen-5

84 2081 112 2134 to
124 2080 245 2147 imbutus,
258 2085 285 2136 et
297 2079 330 2134 cd
342 2079 530 2134 destituendum
544 2080 674 2134 Neronem
686 2083 741 2134 arte
753 2079 833 2151 magis
845 2083 872 2135 et

84 2155 272 2228 impulsuqusm
277 2173 324 2211 suo
331 2156 432 2228 ingenio
440 2155 581 2221 traductus,
587 2160 722 2226 postquam
730 2155 872 2226 nequedari

84 2231 229 2289 donativum
242 2231 289 2287 sub
297 2233 398 2286 nomine
411 2231 497 2286 Gelbae
509 2231 668 2302 promissum,
678 2250 761 2301 neque
772 2232 871 2303 mugnis
885 2241 887 2246 '

84 2309 179 2362 meritis
189 2326 218 2364 ao
227 2308 335 2380 premiis
348 2306 456 2362 eundem
468 2307 495 2361 in
506 2325 568 2378 pace
576 2325 651 2377 quern
663 2307 690 2360 in
700 2306 768 2362 bello
779 2308 870 2377 locum,

85 2388 285 2458 proventumque
297 2383 406 2455 gretiam
417 2382 537 2454 intelligit
549 2382 617 2453 apud
628 2382 768 2453 prinoipem
782 2384 871 2456 olegi-

85 2461 172 2522 onibus
179 2462 283 2525 fectum,
293 2478 388 2531 pronus
399 2458 514 2514 ednovss
521 2477 570 2524 res,
579 2459 672 2514 scelere
681 2459 784 2531 insuper
791 2461 871 2532 Nym·

85 2537 161 2608 phidii
174 2537 259 2592 Sebini
274 2535 387 2608 preelecti
402 2535 535 2607 imperium
551 2535 600 2591 sibi
611 2535 737 2591 molientis
750 2537 868 2610 agitatur.

85 2615 119 2671 ut
132 2615 302 2688 Nymphidius
321 2614 422 2686 quidem
439 2615 533 2686 inipso
549 2618 643 2670 conatu
654 2632 806 2686 oppressus:
825 2616 892 2671 sed2

86 2693 194 2762 quemvis
213 2693 295 2764 ospite
313 2691 462 2747 delectionis
483 2691 575 2756 ublato,
600 2692 718 2746 manebat
741 2692 870 2763 plerisque

85 2768 190 2824 militum
201 2769 362 2836 conscientia,
374 2786 421 2824 nec
433 2767 537 2823 deerunt
547 2785 675 2823 sermones
684 2768 782 2822 senium
791 2771 869 2837 atque

86 2845 211 2902 avaritiam
224 2845 310 2902 Gelbae
326 2843 519 2918 increpantium.
555 2843 673 2900 Leudste
687 2843 747 2898 olim
762 2847 789 2899 et
804 2843 891 2897 mili-3
