2096 3038
152 98 198 149 uu
484 96 605 146 ulem

782 157 954 208 [amessa

128 208 293 278 oequabmt.
329 207 382 264 Hio
396 207 542 280 ambigitur,
555 209 640 280 mnam
657 207 735 265 tectis
752 212 955 278 oppugnatores

149 285 282 356 injecerint
299 302 332 340 an
350 284 454 352 obsessi,
472 304 528 357 quae
551 285 664 341 crebrior
683 285 758 350 fama,
782 284 900 340 nitentes
921 304 955 342 uc
1018 323 1019 326 =

149 379 297 434 progressos
317 361 469 432 depulerint.
505 362 571 418 Inde
591 362 678 433 lapsus
699 361 766 430 ignis
786 361 816 415 in
829 362 954 431 porticus

150 439 278 509 appositas
299 437 411 505 edibus;
433 456 493 494 mox
516 439 673 494 sustinentes
696 437 827 508 fastigium
852 438 954 508 aquilae

149 520 236 570 vetere
247 515 318 586 ligno
330 518 464 570 traxerunt
478 515 606 570 flammam
622 514 797 584 aluernntque.
836 513 882 568 Sic
899 514 953 568 Ca=

149 591 273 661 pitolium,
297 591 389 647 clausis
419 591 525 659 foribus,
553 591 713 646 indefensum
736 594 763 646 et
786 589 953 660 indireptum

106 669 142 727 72
149 669 321 739 conflagravit.
358 668 391 722 Id
407 668 506 722 facinus
522 672 581 739 post
597 667 725 722 conditam
739 666 828 722 urbem
842 665 952 722 luctuo-

149 743 276 800 sissimnrn
304 744 520 815 fedissimumqne
547 743 693 815 reipublice
721 742 808 814 populi
832 743 952 799 Romani

148 820 248 884 accidit,
266 820 336 876 nullo
357 825 463 876 externo
486 821 569 885 hoste,
595 819 718 890 propitiis,
743 819 766 873 si
788 837 835 888 per
858 837 951 875 mores
1016 847 1017 856 ¹

148 898 249 950 nostros
266 895 362 961 liceret,
375 897 436 964 deis,
449 896 534 952 sedem
549 896 621 951 Jovis
639 895 738 966 Optimi
755 895 868 948 Maximi
887 913 951 950 aus-

148 971 232 1041 picato
257 990 272 1026 a
295 973 440 1043 majoribus,
463 973 556 1044 pignus
580 973 687 1044 imperii,
706 971 842 1035 conditam,
866 990 951 1042 quarn

148 1066 200 1102 non
216 1050 345 1104 Porsenna
357 1049 444 1104 dedita
459 1049 529 1116 urbe,
542 1068 624 1120 neque
638 1047 704 1105 Galli
720 1052 802 1118 capta,
813 1051 950 1104 temerare

126 1125 298 1194 apotomen,
311 1125 396 1180 surore
408 1126 549 1197 principum
566 1125 686 1180 exscindi.
722 1125 830 1178 Arscrat
842 1127 870 1178 et
884 1129 949 1180 ante

148 1201 302 1271 Capitolium
314 1202 382 1258 civili
393 1202 467 1267 bello,
481 1202 526 1258 sed
542 1201 631 1256 fraude
643 1201 759 1271 privata:
777 1217 846 1254 nune
857 1200 949 1270 palam

148 1277 287 1342 obsessum,
297 1278 379 1348 palam
390 1279 528 1343 incensum,
543 1278 634 1348 quibus
647 1295 772 1332 armorum
785 1275 877 1340 causis,
893 1295 947 1346 quo

120 1361 135 1406 8
148 1357 226 1408 tantm
238 1353 315 1410 cladis
328 1355 411 1425 pretio
424 1355 517 1410 stetit?
537 1355 588 1410 Pro
600 1353 683 1425 patria
698 1352 868 1408 bellavimus?
889 1353 947 1408 Vo-

147 1433 219 1484 verat
236 1429 388 1500 Tarquinius
406 1428 510 1486 Priscus
530 1449 577 1486 ren
594 1431 659 1485 bello
676 1429 777 1495 Sabino,
793 1429 947 1500 ieceratque

147 1504 312 1562 fundamenta
327 1525 373 1578 spe
388 1507 469 1578 magis
487 1507 581 1562 sutura
597 1505 780 1578 magnitudinis
798 1523 874 1576 quom
891 1524 945 1576 quo

125 1583 250 1641 rmodioe
274 1583 356 1640 adhuc
380 1584 467 1655 populi
489 1584 600 1638 Romani
620 1602 662 1638 res
685 1583 838 1638 sufficerent.
875 1581 946 1640 Mox

148 1660 250 1716 Servius
269 1660 369 1716 'Pullius
388 1661 513 1716 sociorum
532 1661 625 1726 studio,
645 1659 703 1714 dein
721 1658 874 1730 Tarquinius
894 1659 945 1714 Su·
1018 1689 1019 1696 κ

147 1737 248 1806 petbus,
277 1741 353 1808 capta
378 1738 472 1794 Suessa
498 1736 623 1802 Pometia,
648 1736 760 1790 bostium
786 1734 872 1806 spoliis
898 1753 944 1790 ex·

124 1815 271 1869 ostnuere.
308 1813 358 1868 Sed
370 1813 451 1884 gloria
466 1814 549 1884 operis
565 1811 679 1868 libertati
696 1814 839 1866 reservata:
859 1811 943 1881 pulsis

147 1890 249 1961 regibus
261 1891 387 1948 Horatius
399 1890 527 1946 Pulvillus
542 1890 636 1946 iterum
652 1889 742 1944 consul
758 1887 891 1952 dedicavit,
912 1907 944 1944 ea

147 1967 335 2038 magnificentia
354 1986 431 2040 quam
453 1967 584 2022 immensa
606 1971 696 2037 posteu
719 1965 806 2036 populi
829 1963 943 2022 Bouiani

125 2057 207 2115 topos
226 2048 345 2103 ornarent
364 2044 450 2116 potius
470 2061 546 2114 quam
570 2045 701 2114 augerent.
737 2040 834 2096 Iisdem
849 2059 942 2096 rursus
1018 2055 1019 2096 t

146 2123 261 2193 vestigiis
280 2123 365 2196 situm
380 2125 428 2186 est,
449 2124 593 2192 postquam,
615 2119 751 2190 interjecto
772 2116 942 2189 quadringen-

146 2201 233 2252 torum
248 2199 391 2269 quindecim
409 2215 532 2254 annorum
544 2196 635 2268 spatio,
653 2196 685 2252 In
700 2195 816 2266 Scipione
829 2193 858 2248 O.
872 2193 942 2248 Nor-

126 2271 212 2331 ?bano
231 2275 376 2330 oonsulibus
392 2275 551 2345 flagraverat.
588 2273 684 2328 Curam
698 2271 779 2328 victor
796 2269 867 2326 Sulla
883 2288 941 2326 sus·

146 2349 221 2418 cepit,
234 2367 319 2418 neque
330 2353 416 2404 tamen
428 2350 571 2405 dedicavit:
590 2349 639 2404 boo
650 2347 733 2404 solum
749 2345 866 2402 felicitati
882 2346 940 2416 ejus

145 2427 275 2493 negatum.
311 2424 413 2478 Lutatii
437 2425 523 2478 Catuli
543 2443 636 2480 nornen
659 2425 726 2478 inter
746 2427 787 2478 tot
809 2423 939 2478 Caesarum

146 2515 223 2566 opera
234 2514 316 2564 nsque
332 2497 365 2550 ad
381 2497 514 2550 Vitellium
529 2499 630 2553 mansit.
667 2499 705 2554 Ea
721 2502 784 2554 tunc
801 2497 867 2552 nedes
884 2515 938 2554 ore·

102 2571 138 2630 73
146 2571 271 2625 mahatur.
308 2569 359 2623 Sed
370 2567 428 2636 plus
440 2571 540 2636 pavoris
553 2572 662 2628 obsessis
675 2591 752 2642 quarn
763 2571 938 2629 obsessoribus

147 2645 242 2700 intulit.
278 2643 382 2712 Quippe
402 2641 555 2698 Vitellianus
574 2646 646 2702 milas
667 2665 750 2717 nequo
773 2652 832 2702 astu
855 2666 938 2719 neque
