2070 3204
183 117 214 164 68
520 115 640 162 Talem

828 177 853 214 A.
864 176 891 217 U.
902 177 923 216 0.
934 177 980 218 82².

158 235 334 298 Acompressa.
370 223 512 279 Addiderat
521 225 629 296 gloriam
644 225 716 280 Nem
728 178 845 294 eligendo
857 231 888 280 ut
900 229 981 297 potis-

183 302 276 368 simoa;
295 299 363 356 unde
375 300 450 372 longa
462 301 512 356 illia
525 320 586 373 erga
598 303 728 356 Neronem
741 301 804 356 fides
817 305 844 356 et
856 307 942 357 erecta
953 304 980 357 in

183 379 311 433 Othonem
334 376 426 432 studia.
464 377 515 432 Sed
535 396 586 448 qao
607 378 664 448 plus
685 377 777 431 virium
794 395 824 432 ao
840 378 947 444 roboris,
966 399 982 434 e

159 454 277 509 Adducis
288 453 396 508 tarditas
409 453 499 508 inerat.
536 456 637 524 Agmen
648 453 777 524 legionum
794 454 840 509 alae
851 455 982 510 cohortes-

184 549 233 602 que
251 529 446 601 praeveniebant.
483 530 518 584 Et
537 548 568 584 ex
589 530 645 601 ipsa
665 530 728 584 urbe
748 530 816 584 hand
840 531 982 601 spernenda

184 625 282 672 manus,
300 607 413 678 quinque
429 606 554 677 praetorie
568 606 685 662 cobortes
705 609 732 661 et
753 607 869 677 equitum
889 608 982 663 vexilla

184 701 243 738 cum
259 683 357 755 legione
382 683 469 753 prima,
488 701 517 737 ac
535 683 648 738 deforme
662 683 766 753 insuper
782 683 911 749 auxilium,
929 684 981 738 duo

184 760 264 814 millia
283 759 460 831 gladiatorum,
477 759 522 814 sed
540 777 586 830 per
599 759 688 814 civilia
706 777 776 814 arma
791 760 867 814 eliam
885 761 981 815 serens

161 836 293 891 edacibus
311 839 470 906 usurpatum.
507 835 559 890 His
571 835 650 906 copiis
669 839 754 891 rector
766 835 867 890 additus
879 836 982 892 Annius

187 912 282 976 Gallus,
307 930 366 967 oum
390 911 518 966 Vestricio
539 912 666 982 Spurinna
689 911 722 966 ad
738 911 897 981 occupandas
917 912 983 968 Padi

186 1005 587 1136 tlleltlltbglllltr
594 1006 682 1135 lep,
699 988 908 1135 ilillmllell
909 992 984 1121 ¹¹:122}

162 1142 254 1197 tintra
266 1142 360 1198 Gallias
373 1160 447 1212 posse
460 1145 613 1212 speraverat.
637 1143 726 1212 Ipsum
738 1141 865 1196 Othonem
877 1141 984 1196 comita·

185 1219 281 1274 bantur
302 1219 490 1290 speculatorum
508 1218 575 1273 lecta
592 1236 705 1289 corpora,
725 1237 783 1272 cum
799 1217 897 1273 caeteris
919 1236 985 1289 prae·

186 1296 260 1350 toriis
289 1295 444 1361 cohortibus,
476 1295 590 1350 veterani
617 1313 632 1350 e
661 1295 788 1365 pretorio,
820 1293 985 1350 classicorum

186 1370 277 1441 ingens
295 1390 425 1426 numerus.
461 1371 518 1426 Nee
538 1371 575 1426 illi
594 1389 672 1442 segne
691 1375 736 1426 aut
754 1375 902 1441 corruptum
919 1371 986 1428 luxu

187 1446 245 1511 iter,
264 1446 309 1500 sed
325 1446 403 1502 lorica
418 1447 501 1502 ferrea
516 1465 579 1503 usus
597 1452 645 1512 est,
659 1451 686 1503 et
698 1452 758 1502 ante
770 1447 844 1518 signa
853 1446 984 1518 pedester,

143 1522 313 1587 12horridus,
343 1522 496 1594 incomptus,
526 1523 650 1595 lamaeque
679 1523 815 1579 dissimilis.
863 1523 986 1580 Blandie-

187 1598 264 1654 batur
289 1599 378 1670 eoeptis
406 1600 517 1666 fortuna,
545 1618 662 1672 possesse
688 1619 734 1672 per
752 1601 829 1655 ‘mare
853 1604 880 1655 et
903 1619 985 1658 naves

188 1676 283 1746 majore
306 1676 389 1732 Italiae
412 1685 485 1747 parte
509 1677 612 1747 penitus
635 1696 717 1749 usque
741 1677 774 1732 ad
800 1677 901 1732 initium
930 1697 986 1733 ma-

165 1751 330 1806 2ritimarum
358 1752 470 1823 Alpium.
515 1753 617 1813 Quibus
640 1753 771 1809 tentandis
795 1753 985 1826 aggrediendae·

189 1846 238 1899 qna
255 1828 391 1899 provinciae
409 1828 571 1884 Narbonensi
590 1829 712 1886 Suedium
725 1830 889 1898 Clementem,
901 1832 985 1886 Anto-

188 1904 259 1959 nium
280 1904 425 1970 Nouellum,
446 1905 578 1960 AEmilium
603 1908 742 1962 Pacensem
766 1906 843 1962 duces
867 1906 984 1963 dederat.

164 1981 238 2037 ased
243 1982 364 2038 Pacensis
372 1982 550 2053 perlicentiam
558 1982 668 2036 rnilitum
676 1983 793 2050 vinctus3
806 1983 920 2038 Antonio
928 1985 986 2039 No-

187 2059 253 2115 vello
264 2059 334 2114 nulla
343 2059 497 2114 auctoritas:
511 2058 620 2114 Suedius
630 2059 748 2114 Clemens
757 2059 890 2115 ambitioso
902 2059 986 2132 irnpe-

186 2137 225 2192 rio
233 2137 347 2209 regebat,
356 2139 386 2192 nt
396 2135 517 2191 adversus
526 2135 675 2190 modestiam
688 2136 825 2207 discipline
836 2141 984 2207 corruptus,

107 2257 110 2264 .
163 2212 225 2272 lita
235 2213 377 2284 praeliorum
391 2211 488 2267 avidus.
524 2211 587 2266 Non
598 2211 675 2266 Italia
687 2211 751 2266 adiri
763 2231 810 2268 nec
825 2213 881 2268 loca
898 2212 986 2268 sedes-

188 2306 237 2358 que
246 2289 334 2358 patriae
343 2288 509 2344 videbantur:
528 2291 650 2359 tanquam
662 2293 768 2344 externa
778 2289 855 2344 litore
866 2292 893 2344 et
904 2289 986 2346 nrbes

188 2362 300 2417 hostium
317 2382 399 2428 urere,
418 2368 527 2429 vastare,
542 2383 639 2435 rapere,
657 2383 687 2420 eo
706 2367 817 2422 atrocius
833 2365 900 2437 quod
918 2367 988 2423 nibil

188 2456 296 2508 nsquam
308 2439 438 2510 provisum
451 2439 584 2495 adversum
595 2445 688 2496 metus.
724 2442 798 2497 Pleni
810 2443 872 2514 agri,
886 2446 988 2512 apertae

165 2513 286 2568 odomus.
323 2514 494 2569 Occursantes
509 2515 606 2572 domini
619 2518 698 2588 juxta
709 2523 832 2590 conjuges
847 2523 874 2574 et
888 2517 987 2575 liberos

189 2590 326 2645 securitate
338 2591 407 2660 pacis
419 2594 446 2645 et
460 2591 518 2646 belli
535 2593 601 2647 malo
619 2594 887 2650 circumveniebantur.
923 2593 989 2648 Ma-

190 2665 288 2722 ritimae
300 2670 357 2722 tum
368 2666 447 2738 Alpes
458 2668 562 2724 tenebat
574 2674 723 2741 procurator
734 2672 835 2728 Marius
851 2671 987 2728 Maturus.
