2086 3026
121 104 166 156 172
455 102 575 152 nsclnl

753 165 788 212 [r.
797 165 824 204 -u,
834 165 856 204 o.
866 166 914 206 aar.

117 213 261 286 legionibus
269 213 348 270 Dillio
355 213 470 279 vomite,
481 213 689 270 duodevioesimae
700 213 807 286 legionis
819 215 916 285 legato,

119 291 207 356 tradit,
225 295 256 346 ut
274 309 350 361 quam
368 290 484 345 maximis
506 309 552 362 per
571 291 653 362 ripam
670 291 804 346 itineribus
820 291 918 346 oelera-

98 375 168 433 aree,
186 368 241 440 ipre
260 367 375 433 neribus,
391 367 517 423 invalidus
536 385 648 438 corpore,
666 367 762 422 invisus
780 366 918 422 militibus.

122 445 214 516 Neque
230 443 297 499 enim
314 443 432 515 ambigue
450 443 600 510 fremebant,
613 446 628 474 ‘⁴
638 443 742 498 emissas
755 443 918 514 aMogouti·

121 539 167 576 aoo
184 521 339 576 Batavorum
358 521 483 586 eohortes,
500 519 672 576 dissimulatos
691 519 779 574 Civilis
797 524 917 584 oonatus,

122 597 216 652 adsciri
232 598 260 652 in
276 599 425 654 societatem
443 599 590 654 Germanos.
626 598 688 653 Non
705 597 787 652 Primi
806 599 919 653 Antonii

121 691 204 743 neque
227 674 343 730 Muoiani
369 692 418 746 ope
444 675 631 746 Vespasianum
656 675 738 746 magis
766 673 919 730 adolevisse.

99 750 221 820 ariperto
232 749 290 804 odia
301 768 420 822 armaque
431 750 512 822 palam
531 751 637 823 depelli:
656 750 772 806 frondem
788 757 815 805 et
827 750 921 806 dolum

123 826 240 891 obseura,
270 845 351 898 eoque
374 829 536 884 inevitabilia.
585 828 693 883 Civilem
722 831 791 883 stare
816 831 919 894 eontra,

123 907 223 960 struere
235 903 329 959 aoiem:
345 904 521 962 Hordeonium
533 905 673 961 eoubieulo
685 907 712 960 et
720 904 814 960 lectulo
825 904 919 974 jubere

124 979 248 1051 quidquid
266 981 335 1036 hosti
351 981 483 1037 conducat.
520 983 570 1037 'lot
588 985 698 1037 armatas
719 981 920 1036 fortissimorum

124 1057 238 1113 virorum
261 1076 353 1112 manus
376 1059 452 1113 unius
479 1059 548 1114 senis
571 1057 719 1114 valetudine
744 1057 808 1130 regi.
844 1055 920 1122 Quin

125 1134 218 1204 potius,
231 1134 365 1190 interfecto
374 1135 504 1201 traditore,
517 1135 647 1190 fortunam
658 1135 829 1205 virtutemque
841 1151 920 1188 suam

101 1211 191 1266 smnio
211 1212 295 1268 omine
314 1212 497 1268 exsolverent.’'
539 1213 590 1268 His
610 1213 678 1267 inter
698 1229 727 1266 se
750 1210 853 1267 vooibus
876 1206 921 1266 in-

125 1289 233 1343 stinotos
245 1289 405 1344 flammavere
417 1289 521 1360 insuper
532 1288 614 1344 allata
630 1307 645 1343 a
656 1287 813 1360 Vespasiano
824 1287 917 1353 literae,

121 1382 189 1434 quas
209 1364 321 1431 Elaeous,
343 1365 403 1436 quia
421 1365 543 1422 ooeulteri
561 1364 706 1436 nequibant,
728 1382 775 1435 pro
795 1363 920 1420 ooneione
983 1377 985 1380 ’

126 1441 250 1508 recitavit,
262 1442 412 1512 vinctosque
424 1443 468 1513 qui
480 1442 620 1498 attulerant
637 1441 670 1496 ad
685 1441 818 1496 Vitellium
835 1440 918 1496 misit.

80 1517 117 1570 25
128 1516 169 1570 Sio
180 1517 304 1586 mitigetis
317 1517 414 1583 animis,
432 1519 556 1585 Bonnam,
572 1519 678 1574 hiberno
692 1518 782 1589 primm
799 1518 918 1590 legionis,

126 1596 239 1647 ventum.
277 1593 403 1648 Infensior
414 1594 466 1650 illio
477 1596 549 1650 miles
561 1596 658 1667 eulpam
672 1595 749 1650 eladis
761 1595 789 1649 in
800 1594 920 1650 Hordeo·

126 1668 197 1722 nium
208 1668 324 1724 vertebat
335 1688 340 1722 :
361 1675 377 1699 “
386 1670 441 1740 ejus
451 1670 526 1740 jussu
537 1672 659 1728 directum
670 1674 791 1728 adversus
803 1672 919 1727 batavos

126 1745 213 1811 eciem,
232 1751 352 1816 tanquam
377 1747 574 1818 aMogontiaeo
595 1749 707 1820 legiones
731 1752 920 1820 sequerentur;

127 1821 239 1892 ejusdem
251 1821 394 1893 proditione
412 1841 497 1893 oaesos,
510 1825 586 1880 nullis
604 1825 840 1897 supervenientibus
853 1843 920 1879 aux-

126 1897 184 1954 iliis
220 1899 315 1971 Ignota
326 1900 381 1956 haee
393 1901 491 1957 caeteris
504 1902 666 1969 exercitibus,
676 1921 759 1974 neque
770 1902 921 1973 imperatori

127 1993 174 2030 suo
190 1977 310 2045 nuntiari,
327 1995 386 2033 oum
404 1995 511 2034 aooursu
526 1981 566 2033 tot
583 1979 770 2049 provinciarum
788 1979 921 2049 exstingui

101 2064 216 2124 arepens
245 2053 350 2126 perfidia
378 2055 517 2126 potuerit.'’
565 2055 729 2112 Hordeonius
761 2055 920 2126 exemplares

126 2130 239 2185 omnium
257 2131 395 2197 literarum,
416 2131 508 2202 quibus
527 2149 572 2202 per
593 2132 687 2188 Galbae
707 2132 920 2202 Britanniamque

121 2209 153 2260 et
173 2206 313 2275 Hispanias
333 2207 428 2262 auxilio
444 2209 540 2276 orabat,
557 2209 681 2264 exercitui
700 2208 825 2273 recitavit,
845 2209 920 2264 insti-

122 2281 229 2347 tuitque
255 2283 393 2349 pessimum
413 2283 519 2349 sueinus,
539 2287 569 2338 ut
590 2285 704 2354 epistolae
724 2285 864 2355 aquiliferis
883 2284 920 2340 le·

126 2353 232 2422 gionum
249 2357 412 2412 traderentur
421 2379 429 2422 3
447 2361 533 2429 aquis
546 2364 605 2416 ante
624 2361 700 2417 militi
715 2381 792 2432 quam
809 2362 920 2418 ducibus

102 2425 283 2510 alegebantiu.
330 2429 397 2482 lum
419 2449 434 2484 e
460 2435 587 2490 seditiosis
614 2455 695 2491 unum
718 2438 808 2493 vinciri
832 2437 919 2506 jubet,

127 2516 208 2566 magus
232 2501 371 2567 usurpandi
386 2505 453 2570 juris
474 2526 550 2576 quam
568 2511 628 2580 quia
650 2513 726 2568 unius
748 2513 824 2583 eulpa
841 2507 919 2586 foret.

126 2572 266 2657 Motusgue
278 2573 505 2659 Bonnaexeroitus
517 2583 545 2638 in
556 2586 680 2642 coloniam
695 2589 920 2660 Agrippinensem,

118 2644 285 2704 ,affluentibus
296 2649 399 2702 euxrlris
412 2651 549 2722 Gallorum,
562 2661 607 2728 qui
618 2662 700 2731 primo
711 2681 765 2719 rem
774 2665 920 2720 Romanam
