2070 3204
258 304 510 354 HISTORIARUM
528 303 565 353 11.
585 303 686 350 11-14.
840 305 871 352 69

79 369 220 473 libeliis
231 421 308 489 gente
321 419 379 487 (nec
397 415 469 471 deest
482 414 625 487 juventus)
638 431 724 469 msere
735 411 877 484 provincius

78 495 172 550 finibus
193 495 350 550 Othonianos
371 493 489 548 intendit.
526 491 577 546 Sed
594 491 676 562 primo
697 490 795 561 impetu
812 489 895 554 caesiss

79 570 229 642 disjectique
248 570 370 636 montani,
391 573 422 624 ut
446 568 538 640 quibus
561 572 657 622 temere
681 567 800 631 collectis,
819 583 872 621 non

79 651 171 713 castre,
196 665 247 702 non
270 646 360 702 ducem
383 645 577 712 noscituntibus,
600 662 683 714 neque
710 645 738 698 in
765 643 872 699 victorie

79 723 156 778 decus
180 728 248 778 esset
271 741 353 793 nsque
377 723 404 776 in
427 722 490 792 luga
509 721 644 792 flagitium.
693 719 816 776 Inritatus
840 725 918 778 sold

78 800 166 872 proelio
178 800 287 854 Othonis
299 799 370 855 miles
382 799 460 853 vertit
477 799 527 852 ires
539 799 568 852 in
583 797 747 868 municipium
760 797 872 853 Albinti-

78 876 184 931 milium.
221 877 323 947 Quippe
340 875 368 930 in
385 875 438 930 scie
456 875 519 929 nihil
536 874 636 946 predae,
650 875 738 946 inopes
757 879 871 946 agrestes

78 957 106 1008 et
118 953 177 1008 vilia
189 971 272 1019 arma3
291 952 406 1022 nec‘capi
418 955 544 1021 poterant,
557 951 648 1021 pernix
659 969 740 1022 genus
757 956 783 1006 et
795 952 871 1023 gnari

77 1031 200 1085 locorum.
238 1028 288 1083 Sed
300 1027 484 1083 calamitatibus
497 1028 635 1082 insontium
648 1028 749 1099 expleta
758 1029 870 1084 avaritia
881 1043 896 1088 2

78 1107 161 1161 Auxit
180 1104 300 1160 invidiam
315 1103 435 1175 praeclaro
451 1105 566 1174 exemplo
584 1104 685 1158 loernina
702 1105 792 1176 Ligus,
806 1123 869 1175 quae,

78 1183 130 1237 filio
147 1181 240 1247 abdito,
255 1199 313 1236 cum
329 1180 404 1234 simul
420 1181 552 1250 pecuniam
568 1181 691 1236 occultari
707 1182 799 1236 mihtes
817 1201 871 1237 ore·

78 1259 210 1324 didisse-nt,
227 1275 308 1328 eoque
323 1275 369 1328 par
386 1257 513 1311 cruciatus
529 1257 716 1328 interrogarent
731 1258 777 1312 ubi
791 1259 871 1314 filium

78 1335 213 1400 occuleret,
230 1338 332 1388 uterum
350 1332 494 1398 ostendens,
517 1332 637 1388 “lutere''
655 1333 802 1404 respondit;
823 1353 871 1390 noc

78 1411 137 1467 ullis
161 1411 251 1466 deinde
274 1410 414 1465 terroribus
439 1413 484 1464 aut
508 1414 589 1464 morte
613 1410 782 1466 constantiam
801 1412 871 1466 vocis

78 1489 187 1561 egregiae
202 1489 318 1544 mutavit.
354 1487 493 1542 Imminere
509 1487 644 1558 provinciae
661 1487 830 1554 Narbonensi,
843 1488 871 1544 in
882 1490 918 1544 14

77 1565 157 1620 verbu
176 1565 275 1620 Vitellii
296 1563 398 1630 edoctae,
421 1564 527 1619 classem
546 1563 655 1619 Othonis
674 1565 768 1636 trepidi
786 1566 871 1620 nuntii

78 1641 157 1698 Fabio
180 1642 285 1696 Valenti
311 1641 427 1697 attulere.
473 1641 588 1696 Aderant
612 1641 691 1714 legati
714 1642 895 1702 coloniarumn

78 1719 200 1774 auxilium
213 1724 322 1774 orantes.
358 1719 430 1773 Duas
443 1718 605 1790 Tungrorum
624 1719 749 1784 cohortes,
760 1723 871 1790 quatuor

78 1795 193 1866 equitum
204 1798 310 1861 turmas,
323 1796 466 1850 universum
478 1795 640 1850 Trevirorum
652 1795 716 1850 alum
729 1815 787 1852 cum
799 1797 817 1849 J
817 1796 870 1852 ulio

78 1871 191 1926 Classico
203 1871 323 1942 praelecto
340 1872 410 1927 misit
419 1895 426 1939 ;
446 1890 460 1926 e
477 1872 570 1942 quibus
589 1891 647 1943 pers
664 1873 691 1927 in
707 1873 805 1928 colonia
820 1873 869 1927 Fo-

77 1947 208 2018 rojuliensi
223 1952 330 2014 retenta,
347 1967 387 2014 ne,
405 1948 521 2004 omnibus
538 1950 617 2020 copiis
635 1950 663 2004 in
680 1953 802 2004 terrestre
819 1951 869 2004 iter

77 2024 166 2090 versis,
178 2042 257 2078 vacuo
269 2025 334 2079 mari
349 2025 436 2080 classis
452 2026 611 2081 acceleraret.
645 2026 788 2082 Duodecim
800 2028 893 2098 equi-3

77 2103 135 2154 tum
147 2102 238 2154 turmae
250 2104 276 2154 et
288 2101 350 2155 lecti
361 2119 376 2154 o
393 2102 539 2156 cohortibus
552 2102 673 2157 adversus
689 2103 788 2157 hostem
800 2103 868 2170 iere;

79 2172 173 2244 quibus
190 2173 309 2244 adjuncta
325 2175 450 2249 Ligurum
469 2178 566 2242 cohors,
579 2181 655 2233 vetus
671 2178 720 2233 loci
738 2179 867 2244 auxilium,

78 2253 107 2306 et
119 2248 252 2320 quingenti
263 2251 394 2317 Pannonii,
407 2252 519 2306 nondum
532 2253 580 2311 sub
598 2253 685 2324 signis.
722 2254 779 2308 Nee
796 2263 893 2310 morat

77 2325 173 2399 prelio,
184 2326 228 2381 sed
237 2327 290 2381 soie
301 2327 339 2381 ita
349 2326 475 2382 instructa
486 2332 516 2382 ut
528 2347 586 2398 pars
599 2329 768 2394 classicorum,
781 2331 868 2387 mixtis

77 2403 193 2476 paganis,
204 2403 232 2458 in
248 2403 323 2459 colles
335 2403 399 2458 muri
410 2404 564 2476 propinquos
578 2410 733 2478 exsurgeret,
744 2413 868 2478 quantum

77 2481 146 2537 inter
160 2481 236 2536 colles
252 2499 282 2536 ec
297 2481 359 2536 litus
375 2481 441 2552 equi
452 2482 508 2548 loci,
521 2484 688 2554 praetorienus
699 2484 771 2540 miles
783 2485 868 2557 exple-

77 2562 126 2624 ret,
136 2558 164 2614 in
174 2559 230 2630 ipso
242 2559 305 2614 muri
316 2562 347 2614 ut
359 2576 457 2614 annexa
468 2560 554 2616 classis
564 2564 590 2616 et
603 2580 694 2634 pugnus
703 2565 798 2634 parate,
808 2581 868 2619 eon-

77 2653 152 2691 verss
160 2640 186 2690 et
195 2637 287 2692 minaei
298 2637 382 2691 fronte
391 2637 606 2708 praetendereturz
627 2639 764 2705 Vitelliani,
775 2639 867 2711 quibus

78 2712 161 2767 minor
178 2713 292 2784 peditum
309 2713 355 2778 vis,
374 2713 401 2768 in
418 2715 503 2785 equite
520 2715 605 2785 robur,
623 2717 729 2788 Alpinos
747 2717 867 2788 proximis
939 2750 943 2756 -

76 2789 155 2860 jugis,
176 2790 292 2845 cohortes
312 2791 395 2846 densis
413 2791 542 2848 ordinibus
563 2797 622 2864 post
643 2795 754 2865 equitem
774 2795 867 2848 locant.

78 2865 240 2922 Trevirorum
263 2875 355 2923 turmas
377 2867 493 2925 obtulero
521 2889 550 2926 se
575 2870 644 2926 hosti
672 2871 782 2934 incaute,
810 2879 892 2923 cums
