<?xml version="1.0" encoding="UTF-8"?>
<!DOCTYPE html PUBLIC "-//W3C//DTD XHTML 1.0 Transitional//EN"
    "http://www.w3.org/TR/xhtml1/DTD/xhtml1-transitional.dtd">
<html xmlns="http://www.w3.org/1999/xhtml" xml:lang="en" lang="en">
 <head>
  <title>
</title>
<meta http-equiv="Content-Type" content="text/html;charset=utf-8" />
  <meta name='ocr-system' content='tesseract 3.04.00' />
  <meta name='ocr-capabilities' content='ocr_page ocr_carea ocr_par ocr_line ocrx_word'/>
</head>
<body>
  <div class='ocr_page' id='page_1' title='image "./opera01tacigoog_0109.png"; bbox 0 0 2096 3038; ppageno 0'>
   <div class='ocr_carea' id='block_1_1' title="bbox 154 127 942 238">
    <p class='ocr_par' dir='ltr' id='par_1_1' title="bbox 154 127 942 238">
     <span class='ocr_line' id='line_1_1' title="bbox 154 127 607 178; baseline 0.002 -2"><span class='ocrx_word' id='word_1_1' title='bbox 154 129 199 176; x_wconf 79' lang='lat'><strong>1⁰²</strong></span> <span class='ocrx_word' id='word_1_2' title='bbox 485 127 607 178; x_wconf 74' lang='lat' dir='ltr'><strong>&#39;raom</strong></span> 
     </span>
     <span class='ocr_line' id='line_1_2' title="bbox 780 188 942 238; baseline -0.006 -9"><span class='ocrx_word' id='word_1_3' title='bbox 780 189 816 238; x_wconf 83' lang='lat' dir='ltr'><strong>[s.</strong></span> <span class='ocrx_word' id='word_1_4' title='bbox 827 190 854 229; x_wconf 82' lang='lat' dir='ltr'><strong>u,</strong></span> <span class='ocrx_word' id='word_1_5' title='bbox 866 190 888 230; x_wconf 89' lang='lat' dir='ltr'><strong>c.</strong></span> <span class='ocrx_word' id='word_1_6' title='bbox 898 188 942 229; x_wconf 85' lang='lat' dir='ltr'><strong>sss.</strong></span> 
     </span>
    </p>
   </div>
   <div class='ocr_carea' id='block_1_2' title="bbox 148 237 947 307">
    <p class='ocr_par' dir='ltr' id='par_1_2' title="bbox 148 237 947 307">
     <span class='ocr_line' id='line_1_3' title="bbox 148 237 947 307; baseline -0.003 -13"><span class='ocrx_word' id='word_1_7' title='bbox 148 237 241 294; x_wconf 83' lang='lat' dir='ltr'><strong>civitas</strong></span> <span class='ocrx_word' id='word_1_8' title='bbox 263 240 375 304; x_wconf 83' lang='lat' dir='ltr'><strong>auxerat,</strong></span> <span class='ocrx_word' id='word_1_9' title='bbox 400 238 461 294; x_wconf 89' lang='lat' dir='ltr'><strong>dnm</strong></span> <span class='ocrx_word' id='word_1_10' title='bbox 481 239 587 304; x_wconf 88' lang='lat' dir='ltr'><strong>ambitu,</strong></span> <span class='ocrx_word' id='word_1_11' title='bbox 611 238 742 307; x_wconf 86' lang='lat' dir='ltr'><strong>comitatu,</strong></span> <span class='ocrx_word' id='word_1_12' title='bbox 766 243 793 294; x_wconf 91' lang='lat' dir='ltr'><strong>et</strong></span> <span class='ocrx_word' id='word_1_13' title='bbox 816 239 947 293; x_wconf 78' lang='lat' dir='ltr'>immensis</span> 
     </span>
    </p>
   </div>
   <div class='ocr_carea' id='block_1_3' title="bbox 152 315 1045 387">
    <p class='ocr_par' dir='ltr' id='par_1_3' title="bbox 152 315 1045 387">
     <span class='ocr_line' id='line_1_4' title="bbox 152 315 1045 387; baseline -0.002 -17"><span class='ocrx_word' id='word_1_14' title='bbox 152 315 318 370; x_wconf 89' lang='lat' dir='ltr'><strong>salutantium</strong></span> <span class='ocrx_word' id='word_1_15' title='bbox 348 315 492 387; x_wconf 73' lang='lat' dir='ltr'><strong>agminibus</strong></span> <span class='ocrx_word' id='word_1_16' title='bbox 521 315 679 370; x_wconf 83' lang='lat' dir='ltr'><strong>contendunt</strong></span> <span class='ocrx_word' id='word_1_17' title='bbox 707 319 945 386; x_wconf 71' lang='lat' dir='ltr'><strong>comparanturque,</strong></span> <span class='ocrx_word' id='word_1_18' title='bbox 1044 363 1045 368; x_wconf 75' lang='grc'>,</span> 
     </span>
    </p>
   </div>
   <div class='ocr_carea' id='block_1_4' title="bbox 47 391 1013 2141">
    <p class='ocr_par' dir='ltr' id='par_1_4' title="bbox 131 391 948 768">
     <span class='ocr_line' id='line_1_5' title="bbox 131 391 947 448; baseline -0.002 0"><span class='ocrx_word' id='word_1_19' title='bbox 131 391 228 448; x_wconf 77' lang='lat' dir='ltr'><strong>tvariis</strong></span> <span class='ocrx_word' id='word_1_20' title='bbox 246 392 274 446; x_wconf 91' lang='lat' dir='ltr'><strong>in</strong></span> <span class='ocrx_word' id='word_1_21' title='bbox 290 392 359 448; x_wconf 87' lang='lat' dir='ltr'><strong>hunc</strong></span> <span class='ocrx_word' id='word_1_22' title='bbox 377 397 421 446; x_wconf 91' lang='lat' dir='ltr'><strong>aut</strong></span> <span class='ocrx_word' id='word_1_23' title='bbox 439 392 510 446; x_wconf 92' lang='lat' dir='ltr'><strong>illum</strong></span> <span class='ocrx_word' id='word_1_24' title='bbox 528 392 627 446; x_wconf 90' lang='lat' dir='ltr'><strong>Vitellii</strong></span> <span class='ocrx_word' id='word_1_25' title='bbox 639 391 852 446; x_wconf 76' lang='lat' dir='ltr'><strong>inclinationibus.</strong></span> <span class='ocrx_word' id='word_1_26' title='bbox 889 391 947 446; x_wconf 88' lang='lat' dir='ltr'><strong>Nec</strong></span> 
     </span>
     <span class='ocr_line' id='line_1_6' title="bbox 153 467 947 540; baseline -0.003 -18"><span class='ocrx_word' id='word_1_27' title='bbox 153 485 264 537; x_wconf 88' lang='lat' dir='ltr'><strong>unquam</strong></span> <span class='ocrx_word' id='word_1_28' title='bbox 277 469 338 523; x_wconf 87' lang='lat' dir='ltr'><strong>satis</strong></span> <span class='ocrx_word' id='word_1_29' title='bbox 350 469 401 523; x_wconf 91' lang='lat' dir='ltr'><strong>fida</strong></span> <span class='ocrx_word' id='word_1_30' title='bbox 411 469 533 540; x_wconf 87' lang='lat' dir='ltr'><strong>potentia,</strong></span> <span class='ocrx_word' id='word_1_31' title='bbox 546 469 590 524; x_wconf 91' lang='lat' dir='ltr'><strong>ubi</strong></span> <span class='ocrx_word' id='word_1_32' title='bbox 602 469 680 524; x_wconf 88' lang='lat' dir='ltr'><strong>nimia</strong></span> <span class='ocrx_word' id='word_1_33' title='bbox 691 471 738 523; x_wconf 87' lang='lat' dir='ltr'><strong>est.</strong></span> <span class='ocrx_word' id='word_1_34' title='bbox 776 467 856 522; x_wconf 81' lang='lat' dir='ltr'><strong>Simul</strong></span> <span class='ocrx_word' id='word_1_35' title='bbox 863 467 947 538; x_wconf 87' lang='lat' dir='ltr'><strong>ipsum</strong></span> 
     </span>
     <span class='ocr_line' id='line_1_7' title="bbox 153 543 947 614; baseline 0.001 -17"><span class='ocrx_word' id='word_1_36' title='bbox 153 544 293 608; x_wconf 85' lang='lat' dir='ltr'><strong>Vitellium,</strong></span> <span class='ocrx_word' id='word_1_37' title='bbox 314 544 415 599; x_wconf 80' lang='lat' dir='ltr'><strong>subitis</strong></span> <span class='ocrx_word' id='word_1_38' title='bbox 427 545 529 600; x_wconf 86' lang='lat' dir='ltr'><strong>offensis</strong></span> <span class='ocrx_word' id='word_1_39' title='bbox 553 549 598 599; x_wconf 90' lang='lat' dir='ltr'><strong>aut</strong></span> <span class='ocrx_word' id='word_1_40' title='bbox 616 544 801 614; x_wconf 75' lang='lat' dir='ltr'><strong>intempestivis</strong></span> <span class='ocrx_word' id='word_1_41' title='bbox 817 543 947 598; x_wconf 88' lang='lat' dir='ltr'><strong>blanditiis</strong></span> 
     </span>
     <span class='ocr_line' id='line_1_8' title="bbox 131 619 948 691; baseline 0.001 -18"><span class='ocrx_word' id='word_1_42' title='bbox 131 619 307 684; x_wconf 66' lang='lat' dir='ltr'><strong>smutabilem,</strong></span> <span class='ocrx_word' id='word_1_43' title='bbox 321 621 516 676; x_wconf 69' lang='lat' dir='ltr'><strong>contemnebant</strong></span> <span class='ocrx_word' id='word_1_44' title='bbox 529 621 733 691; x_wconf 88' lang='lat' dir='ltr'><strong>metuebantque.</strong></span> <span class='ocrx_word' id='word_1_45' title='bbox 770 621 827 676; x_wconf 89' lang='lat' dir='ltr'><strong>Nec</strong></span> <span class='ocrx_word' id='word_1_46' title='bbox 843 639 873 674; x_wconf 80' lang='lat' dir='ltr'><strong>eo</strong></span> <span class='ocrx_word' id='word_1_47' title='bbox 890 638 948 691; x_wconf 88' lang='lat' dir='ltr'><strong>seg·</strong></span> 
     </span>
     <span class='ocr_line' id='line_1_9' title="bbox 154 696 947 768; baseline 0 -18"><span class='ocrx_word' id='word_1_48' title='bbox 154 696 212 750; x_wconf 88' lang='lat' dir='ltr'><strong>nius</strong></span> <span class='ocrx_word' id='word_1_49' title='bbox 232 696 376 751; x_wconf 88' lang='lat' dir='ltr'><strong>invaserant</strong></span> <span class='ocrx_word' id='word_1_50' title='bbox 398 697 493 765; x_wconf 89' lang='lat' dir='ltr'><strong>domos,</strong></span> <span class='ocrx_word' id='word_1_51' title='bbox 514 699 611 762; x_wconf 82' lang='lat' dir='ltr'><strong>hortos,</strong></span> <span class='ocrx_word' id='word_1_52' title='bbox 633 715 744 768; x_wconf 87' lang='lat' dir='ltr'><strong>opesque</strong></span> <span class='ocrx_word' id='word_1_53' title='bbox 766 697 872 767; x_wconf 86' lang='lat' dir='ltr'><strong>imperii,</strong></span> <span class='ocrx_word' id='word_1_54' title='bbox 888 715 947 750; x_wconf 90' lang='lat' dir='ltr'><strong>cum</strong></span> 
     </span>
    </p>

    <p class='ocr_par' dir='ltr' id='par_1_5' title="bbox 47 771 948 845">
     <span class='ocr_line' id='line_1_10' title="bbox 47 771 948 845; baseline 0 -19"><span class='ocrx_word' id='word_1_55' title='bbox 47 775 50 782; x_wconf 92' lang='lat'>&#39;</span> <span class='ocrx_word' id='word_1_56' title='bbox 154 771 244 845; x_wconf 77' lang='lat' dir='ltr'><strong>debilis</strong></span> <span class='ocrx_word' id='word_1_57' title='bbox 263 777 289 827; x_wconf 89' lang='lat' dir='ltr'><strong>at</strong></span> <span class='ocrx_word' id='word_1_58' title='bbox 307 791 386 844; x_wconf 87' lang='lat' dir='ltr'><strong>egens</strong></span> <span class='ocrx_word' id='word_1_59' title='bbox 403 773 527 828; x_wconf 88' lang='lat' dir='ltr'><strong>nobilium</strong></span> <span class='ocrx_word' id='word_1_60' title='bbox 544 774 628 839; x_wconf 89' lang='lat' dir='ltr'><strong>turba,</strong></span> <span class='ocrx_word' id='word_1_61' title='bbox 648 791 711 844; x_wconf 92' lang='lat' dir='ltr'><strong>quos</strong></span> <span class='ocrx_word' id='word_1_62' title='bbox 723 773 793 844; x_wconf 89' lang='lat' dir='ltr'><strong>ipsos</strong></span> <span class='ocrx_word' id='word_1_63' title='bbox 805 772 948 842; x_wconf 79' lang='lat' dir='ltr'><strong>liberosque</strong></span> 
     </span>
    </p>

    <p class='ocr_par' dir='ltr' id='par_1_6' title="bbox 154 848 949 921">
     <span class='ocr_line' id='line_1_11' title="bbox 154 848 949 921; baseline 0 -19"><span class='ocrx_word' id='word_1_64' title='bbox 154 849 243 920; x_wconf 83' lang='lat' dir='ltr'><strong>patrias</strong></span> <span class='ocrx_word' id='word_1_65' title='bbox 264 849 345 904; x_wconf 88' lang='lat' dir='ltr'><strong>Galba</strong></span> <span class='ocrx_word' id='word_1_66' title='bbox 364 849 517 914; x_wconf 75' lang='lat' dir='ltr'><strong>reddiderat,</strong></span> <span class='ocrx_word' id='word_1_67' title='bbox 538 850 609 904; x_wconf 91' lang='lat' dir='ltr'><strong>nulla</strong></span> <span class='ocrx_word' id='word_1_68' title='bbox 632 850 753 921; x_wconf 88' lang='lat' dir='ltr'><strong>principis</strong></span> <span class='ocrx_word' id='word_1_69' title='bbox 778 848 949 904; x_wconf 89' lang='lat' dir='ltr'><strong>misericordia</strong></span> 
     </span>
    </p>

    <p class='ocr_par' dir='ltr' id='par_1_7' title="bbox 133 925 948 997">
     <span class='ocr_line' id='line_1_12' title="bbox 133 925 948 997; baseline 0.004 -20"><span class='ocrx_word' id='word_1_70' title='bbox 133 930 148 976; x_wconf 78' lang='grc'><strong><em>5</em></strong></span> <span class='ocrx_word' id='word_1_71' title='bbox 153 925 311 996; x_wconf 88' lang='lat' dir='ltr'><strong>juvarentur.</strong></span> <span class='ocrx_word' id='word_1_72' title='bbox 350 927 457 981; x_wconf 80' lang='lat' dir='ltr'><strong>Gratum</strong></span> <span class='ocrx_word' id='word_1_73' title='bbox 476 926 629 997; x_wconf 90' lang='lat' dir='ltr'><strong>primoribus</strong></span> <span class='ocrx_word' id='word_1_74' title='bbox 650 926 761 980; x_wconf 87' lang='lat' dir='ltr'><strong>civitatis</strong></span> <span class='ocrx_word' id='word_1_75' title='bbox 782 926 859 980; x_wconf 85' lang='lat' dir='ltr'><strong>etiam</strong></span> <span class='ocrx_word' id='word_1_76' title='bbox 876 925 948 996; x_wconf 87' lang='lat' dir='ltr'><strong>plebs</strong></span> 
     </span>
    </p>

    <p class='ocr_par' dir='ltr' id='par_1_8' title="bbox 155 1001 1013 1303">
     <span class='ocr_line' id='line_1_13' title="bbox 155 1001 1013 1074; baseline 0.001 -19"><span class='ocrx_word' id='word_1_77' title='bbox 155 1001 311 1072; x_wconf 75' lang='lat' dir='ltr'><strong>approbavit,</strong></span> <span class='ocrx_word' id='word_1_78' title='bbox 335 1003 404 1074; x_wconf 89' lang='lat' dir='ltr'><strong>quod</strong></span> <span class='ocrx_word' id='word_1_79' title='bbox 427 1003 535 1058; x_wconf 84' lang='lat' dir='ltr'><strong>reversis</strong></span> <span class='ocrx_word' id='word_1_80' title='bbox 564 1002 598 1057; x_wconf 90' lang='lat' dir='ltr'><strong>ab</strong></span> <span class='ocrx_word' id='word_1_81' title='bbox 621 1002 697 1058; x_wconf 81' lang='lat' dir='ltr'><strong>exilio</strong></span> <span class='ocrx_word' id='word_1_82' title='bbox 718 1003 777 1073; x_wconf 88' lang='lat' dir='ltr'><strong>jura</strong></span> <span class='ocrx_word' id='word_1_83' title='bbox 800 1002 949 1057; x_wconf 91' lang='lat' dir='ltr'><strong>libertorum</strong></span> <span class='ocrx_word' id='word_1_84' title='bbox 1009 1007 1013 1014; x_wconf 92' lang='lat'><em>&#39;</em></span> 
     </span>
     <span class='ocr_line' id='line_1_14' title="bbox 155 1078 950 1151; baseline 0 -18"><span class='ocrx_word' id='word_1_85' title='bbox 155 1079 328 1144; x_wconf 89' lang='lat' dir='ltr'><strong>concessisset,</strong></span> <span class='ocrx_word' id='word_1_86' title='bbox 348 1098 491 1151; x_wconf 88' lang='lat' dir='ltr'><strong>quanquam</strong></span> <span class='ocrx_word' id='word_1_87' title='bbox 508 1079 535 1134; x_wconf 93' lang='lat' dir='ltr'><strong>id</strong></span> <span class='ocrx_word' id='word_1_88' title='bbox 552 1079 622 1133; x_wconf 90' lang='lat' dir='ltr'><strong>omni</strong></span> <span class='ocrx_word' id='word_1_89' title='bbox 639 1079 713 1134; x_wconf 87' lang='lat' dir='ltr'><strong>modo</strong></span> <span class='ocrx_word' id='word_1_90' title='bbox 731 1079 831 1133; x_wconf 90' lang='lat' dir='ltr'><strong>servilia</strong></span> <span class='ocrx_word' id='word_1_91' title='bbox 847 1078 950 1150; x_wconf 85' lang='lat' dir='ltr'><strong>ingenia</strong></span> 
     </span>
     <span class='ocr_line' id='line_1_15' title="bbox 156 1154 949 1227; baseline 0 -17"><span class='ocrx_word' id='word_1_92' title='bbox 156 1156 356 1227; x_wconf 76' lang='lat' dir='ltr'><strong>corrumpebant,</strong></span> <span class='ocrx_word' id='word_1_93' title='bbox 377 1155 470 1211; x_wconf 87' lang='lat' dir='ltr'><strong>abditis</strong></span> <span class='ocrx_word' id='word_1_94' title='bbox 490 1155 603 1226; x_wconf 78' lang='lat' dir='ltr'><strong>pecuniis</strong></span> <span class='ocrx_word' id='word_1_95' title='bbox 621 1173 667 1226; x_wconf 88' lang='lat' dir='ltr'><strong>per</strong></span> <span class='ocrx_word' id='word_1_96' title='bbox 684 1154 797 1210; x_wconf 89' lang='lat' dir='ltr'><strong>occultos</strong></span> <span class='ocrx_word' id='word_1_97' title='bbox 815 1159 859 1209; x_wconf 90' lang='lat' dir='ltr'><strong>aut</strong></span> <span class='ocrx_word' id='word_1_98' title='bbox 872 1154 949 1210; x_wconf 91' lang='lat' dir='ltr'><strong>ambi·</strong></span> 
     </span>
     <span class='ocr_line' id='line_1_16' title="bbox 156 1231 948 1303; baseline 0 -17"><span class='ocrx_word' id='word_1_99' title='bbox 156 1232 234 1287; x_wconf 85' lang='lat' dir='ltr'><strong>tiosos</strong></span> <span class='ocrx_word' id='word_1_100' title='bbox 249 1233 328 1297; x_wconf 88' lang='lat' dir='ltr'><strong>sinus,</strong></span> <span class='ocrx_word' id='word_1_101' title='bbox 347 1237 374 1288; x_wconf 90' lang='lat' dir='ltr'><strong>ct</strong></span> <span class='ocrx_word' id='word_1_102' title='bbox 390 1233 489 1303; x_wconf 88' lang='lat' dir='ltr'><strong>quidam</strong></span> <span class='ocrx_word' id='word_1_103' title='bbox 509 1233 537 1286; x_wconf 94' lang='lat' dir='ltr'><strong>in</strong></span> <span class='ocrx_word' id='word_1_104' title='bbox 549 1232 651 1286; x_wconf 90' lang='lat' dir='ltr'><strong>domum</strong></span> <span class='ocrx_word' id='word_1_105' title='bbox 667 1231 774 1287; x_wconf 82' lang='lat' dir='ltr'><strong>Caesaris</strong></span> <span class='ocrx_word' id='word_1_106' title='bbox 786 1231 948 1302; x_wconf 81' lang='lat' dir='ltr'><strong>transgressi,</strong></span> 
     </span>
    </p>

    <p class='ocr_par' dir='ltr' id='par_1_9' title="bbox 86 1309 602 1380">
     <span class='ocr_line' id='line_1_17' title="bbox 86 1309 602 1380; baseline 0.004 -18"><span class='ocrx_word' id='word_1_107' title='bbox 86 1323 88 1327; x_wconf 85' lang='lat'>·</span> <span class='ocrx_word' id='word_1_108' title='bbox 157 1312 233 1379; x_wconf 88' lang='lat' dir='ltr'><strong>atque</strong></span> <span class='ocrx_word' id='word_1_109' title='bbox 245 1310 306 1380; x_wconf 88' lang='lat' dir='ltr'><strong>ipsis</strong></span> <span class='ocrx_word' id='word_1_110' title='bbox 319 1309 426 1364; x_wconf 91' lang='lat' dir='ltr'><strong>dominis</strong></span> <span class='ocrx_word' id='word_1_111' title='bbox 438 1309 602 1380; x_wconf 87' lang='lat' dir='ltr'><strong>potentiores.</strong></span> 
     </span>
    </p>

    <p class='ocr_par' dir='ltr' id='par_1_10' title="bbox 114 1383 950 1684">
     <span class='ocr_line' id='line_1_18' title="bbox 114 1383 950 1454; baseline -0.001 -13"><span class='ocrx_word' id='word_1_112' title='bbox 114 1388 151 1441; x_wconf 80' lang='grc'><strong>98</strong></span> <span class='ocrx_word' id='word_1_113' title='bbox 193 1384 244 1438; x_wconf 80' lang='lat' dir='ltr'><strong>Sed</strong></span> <span class='ocrx_word' id='word_1_114' title='bbox 262 1384 342 1447; x_wconf 87' lang='lat' dir='ltr'><strong>miles,</strong></span> <span class='ocrx_word' id='word_1_115' title='bbox 357 1385 438 1454; x_wconf 84' lang='lat' dir='ltr'><strong>planis</strong></span> <span class='ocrx_word' id='word_1_116' title='bbox 453 1386 543 1440; x_wconf 85' lang='lat' dir='ltr'><strong>castris</strong></span> <span class='ocrx_word' id='word_1_117' title='bbox 560 1389 587 1439; x_wconf 89' lang='lat' dir='ltr'><strong>et</strong></span> <span class='ocrx_word' id='word_1_118' title='bbox 601 1383 760 1439; x_wconf 84' lang='lat' dir='ltr'><strong>redundante</strong></span> <span class='ocrx_word' id='word_1_119' title='bbox 776 1383 950 1450; x_wconf 67' lang='lat' dir='ltr'><strong>multitudine„</strong></span> 
     </span>
     <span class='ocr_line' id='line_1_19' title="bbox 157 1459 950 1532; baseline 0 -18"><span class='ocrx_word' id='word_1_120' title='bbox 157 1459 185 1514; x_wconf 90' lang='lat' dir='ltr'><strong>in</strong></span> <span class='ocrx_word' id='word_1_121' title='bbox 196 1460 335 1528; x_wconf 88' lang='lat' dir='ltr'><strong>porticibus</strong></span> <span class='ocrx_word' id='word_1_122' title='bbox 348 1465 393 1514; x_wconf 87' lang='lat' dir='ltr'><strong>aut</strong></span> <span class='ocrx_word' id='word_1_123' title='bbox 405 1461 517 1516; x_wconf 89' lang='lat' dir='ltr'><strong>delubris</strong></span> <span class='ocrx_word' id='word_1_124' title='bbox 530 1465 557 1515; x_wconf 91' lang='lat' dir='ltr'><strong>et</strong></span> <span class='ocrx_word' id='word_1_125' title='bbox 569 1461 632 1516; x_wconf 89' lang='lat' dir='ltr'><strong>urbe</strong></span> <span class='ocrx_word' id='word_1_126' title='bbox 644 1464 701 1515; x_wconf 89' lang='lat' dir='ltr'><strong>tota</strong></span> <span class='ocrx_word' id='word_1_127' title='bbox 712 1479 800 1532; x_wconf 86' lang='lat' dir='ltr'><strong>vagus,</strong></span> <span class='ocrx_word' id='word_1_128' title='bbox 819 1479 871 1514; x_wconf 92' lang='lat' dir='ltr'><strong>non</strong></span> <span class='ocrx_word' id='word_1_129' title='bbox 881 1461 950 1530; x_wconf 91' lang='lat' dir='ltr'><strong>prin·</strong></span> 
     </span>
     <span class='ocr_line' id='line_1_20' title="bbox 158 1535 950 1608; baseline 0.003 -18"><span class='ocrx_word' id='word_1_130' title='bbox 158 1535 223 1605; x_wconf 91' lang='lat' dir='ltr'><strong>oipia</strong></span> <span class='ocrx_word' id='word_1_131' title='bbox 258 1553 369 1600; x_wconf 84' lang='lat' dir='ltr'><strong>noscere,</strong></span> <span class='ocrx_word' id='word_1_132' title='bbox 399 1554 450 1590; x_wconf 92' lang='lat' dir='ltr'><strong>non</strong></span> <span class='ocrx_word' id='word_1_133' title='bbox 486 1555 586 1592; x_wconf 84' lang='lat' dir='ltr'><strong>servaro</strong></span> <span class='ocrx_word' id='word_1_134' title='bbox 614 1537 721 1608; x_wconf 85' lang='lat' dir='ltr'><strong>vigilias,</strong></span> <span class='ocrx_word' id='word_1_135' title='bbox 753 1555 835 1608; x_wconf 87' lang='lat' dir='ltr'><strong>neque</strong></span> <span class='ocrx_word' id='word_1_136' title='bbox 864 1536 950 1592; x_wconf 87' lang='lat' dir='ltr'><strong>labore</strong></span> 
     </span>
     <span class='ocr_line' id='line_1_21' title="bbox 157 1611 949 1684; baseline 0.004 -19"><span class='ocrx_word' id='word_1_137' title='bbox 157 1611 268 1665; x_wconf 76' lang='lat' dir='ltr'><strong>firinati:</strong></span> <span class='ocrx_word' id='word_1_138' title='bbox 288 1630 332 1680; x_wconf 92' lang='lat' dir='ltr'><strong>per</strong></span> <span class='ocrx_word' id='word_1_139' title='bbox 343 1612 472 1666; x_wconf 87' lang='lat' dir='ltr'><strong>illecebras</strong></span> <span class='ocrx_word' id='word_1_140' title='bbox 484 1613 554 1666; x_wconf 89' lang='lat' dir='ltr'><strong>urbis</strong></span> <span class='ocrx_word' id='word_1_141' title='bbox 566 1618 600 1678; x_wconf 92' lang='lat' dir='ltr'><strong>et,</strong></span> <span class='ocrx_word' id='word_1_142' title='bbox 618 1614 751 1668; x_wconf 90' lang='lat' dir='ltr'><strong>inhonesta</strong></span> <span class='ocrx_word' id='word_1_143' title='bbox 765 1613 844 1678; x_wconf 91' lang='lat' dir='ltr'><strong>dictu,</strong></span> <span class='ocrx_word' id='word_1_144' title='bbox 857 1631 949 1684; x_wconf 89' lang='lat' dir='ltr'><strong>corpus</strong></span> 
     </span>
    </p>

    <p class='ocr_par' dir='ltr' id='par_1_11' title="bbox 136 1687 954 2141">
     <span class='ocr_line' id='line_1_22' title="bbox 136 1687 950 1754; baseline 0.001 -11"><span class='ocrx_word' id='word_1_145' title='bbox 136 1687 219 1751; x_wconf 68' lang='lat' dir='ltr'><strong>totio,</strong></span> <span class='ocrx_word' id='word_1_146' title='bbox 241 1687 352 1742; x_wconf 90' lang='lat' dir='ltr'><strong>animum</strong></span> <span class='ocrx_word' id='word_1_147' title='bbox 370 1687 516 1742; x_wconf 88' lang='lat' dir='ltr'><strong>libidinibus</strong></span> <span class='ocrx_word' id='word_1_148' title='bbox 531 1688 722 1744; x_wconf 86' lang='lat' dir='ltr'><strong>imminuebant.</strong></span> <span class='ocrx_word' id='word_1_149' title='bbox 759 1691 900 1754; x_wconf 89' lang='lat' dir='ltr'><strong>Postremo,</strong></span> <span class='ocrx_word' id='word_1_150' title='bbox 918 1708 950 1744; x_wconf 86' lang='lat' dir='ltr'><strong>nc</strong></span> 
     </span>
     <span class='ocr_line' id='line_1_23' title="bbox 159 1762 951 1837; baseline 0.005 -21"><span class='ocrx_word' id='word_1_151' title='bbox 159 1762 248 1817; x_wconf 86' lang='lat' dir='ltr'><strong>salutis</strong></span> <span class='ocrx_word' id='word_1_152' title='bbox 267 1763 367 1833; x_wconf 93' lang='lat' dir='ltr'><strong>quidem</strong></span> <span class='ocrx_word' id='word_1_153' title='bbox 385 1781 452 1828; x_wconf 85' lang='lat' dir='ltr'><strong>ocra,</strong></span> <span class='ocrx_word' id='word_1_154' title='bbox 472 1764 608 1820; x_wconf 86' lang='lat' dir='ltr'><strong>infamibus</strong></span> <span class='ocrx_word' id='word_1_155' title='bbox 633 1766 750 1820; x_wconf 83' lang='lat' dir='ltr'><strong>Vaticani</strong></span> <span class='ocrx_word' id='word_1_156' title='bbox 773 1766 835 1820; x_wconf 88' lang='lat' dir='ltr'><strong>locis</strong></span> <span class='ocrx_word' id='word_1_157' title='bbox 858 1784 951 1837; x_wconf 82' lang='lat' dir='ltr'><strong>magna</strong></span> 
     </span>
     <span class='ocr_line' id='line_1_24' title="bbox 158 1839 951 1912; baseline 0.005 -20"><span class='ocrx_word' id='word_1_158' title='bbox 158 1857 216 1910; x_wconf 88' lang='lat' dir='ltr'><strong>pars</strong></span> <span class='ocrx_word' id='word_1_159' title='bbox 239 1839 366 1905; x_wconf 87' lang='lat' dir='ltr'><strong>tetendit;</strong></span> <span class='ocrx_word' id='word_1_160' title='bbox 402 1840 470 1894; x_wconf 88' lang='lat' dir='ltr'><strong>unde</strong></span> <span class='ocrx_word' id='word_1_161' title='bbox 494 1840 588 1896; x_wconf 83' lang='lat' dir='ltr'><strong>crebrae</strong></span> <span class='ocrx_word' id='word_1_162' title='bbox 610 1841 637 1895; x_wconf 91' lang='lat' dir='ltr'><strong>in</strong></span> <span class='ocrx_word' id='word_1_163' title='bbox 661 1842 752 1912; x_wconf 86' lang='lat' dir='ltr'><strong>vulgus</strong></span> <span class='ocrx_word' id='word_1_164' title='bbox 776 1845 878 1898; x_wconf 87' lang='lat' dir='ltr'><strong>mortes.</strong></span> <span class='ocrx_word' id='word_1_165' title='bbox 915 1842 951 1896; x_wconf 79' lang='lat' dir='ltr'><strong>nt</strong></span> 
     </span>
     <span class='ocr_line' id='line_1_25' title="bbox 159 1915 954 1988; baseline 0.004 -18"><span class='ocrx_word' id='word_1_166' title='bbox 159 1915 290 1986; x_wconf 88' lang='lat' dir='ltr'><strong>adjacente</strong></span> <span class='ocrx_word' id='word_1_167' title='bbox 314 1916 406 1982; x_wconf 86' lang='lat' dir='ltr'><strong>Tiberi,</strong></span> <span class='ocrx_word' id='word_1_168' title='bbox 432 1917 615 1972; x_wconf 89' lang='lat' dir='ltr'><strong>Germanorum</strong></span> <span class='ocrx_word' id='word_1_169' title='bbox 640 1917 819 1988; x_wconf 85' lang='lat' dir='ltr'><strong>Gallorumque</strong></span> <span class='ocrx_word' id='word_1_170' title='bbox 843 1917 954 1973; x_wconf 82' lang='lat' dir='ltr'><strong>obnoxia</strong></span> 
     </span>
     <span class='ocr_line' id='line_1_26' title="bbox 158 1992 953 2064; baseline 0.003 -18"><span class='ocrx_word' id='word_1_171' title='bbox 158 1992 252 2047; x_wconf 91' lang='lat' dir='ltr'><strong>morbis</strong></span> <span class='ocrx_word' id='word_1_172' title='bbox 271 2011 376 2064; x_wconf 88' lang='lat' dir='ltr'><strong>corpora</strong></span> <span class='ocrx_word' id='word_1_173' title='bbox 395 1993 506 2049; x_wconf 88' lang='lat' dir='ltr'><strong>fluminis</strong></span> <span class='ocrx_word' id='word_1_174' title='bbox 524 1995 632 2048; x_wconf 89' lang='lat' dir='ltr'><strong>aviditas</strong></span> <span class='ocrx_word' id='word_1_175' title='bbox 652 1998 679 2048; x_wconf 91' lang='lat' dir='ltr'><strong>et</strong></span> <span class='ocrx_word' id='word_1_176' title='bbox 697 1998 775 2049; x_wconf 81' lang='lat' dir='ltr'><strong>astus</strong></span> <span class='ocrx_word' id='word_1_177' title='bbox 793 1994 953 2064; x_wconf 88' lang='lat' dir='ltr'><strong>impatientia</strong></span> 
     </span>
     <span class='ocr_line' id='line_1_27' title="bbox 137 2069 953 2141; baseline 0.002 -19"><span class='ocrx_word' id='word_1_178' title='bbox 137 2069 283 2126; x_wconf 74' lang='lat' dir='ltr'><strong>tlabcfecit.</strong></span> <span class='ocrx_word' id='word_1_179' title='bbox 320 2070 429 2141; x_wconf 89' lang='lat' dir='ltr'><strong>Insuper</strong></span> <span class='ocrx_word' id='word_1_180' title='bbox 445 2071 566 2126; x_wconf 81' lang='lat' dir='ltr'><strong>confusus</strong></span> <span class='ocrx_word' id='word_1_181' title='bbox 580 2070 706 2141; x_wconf 86' lang='lat' dir='ltr'><strong>pravitate</strong></span> <span class='ocrx_word' id='word_1_182' title='bbox 721 2071 760 2126; x_wconf 90' lang='lat' dir='ltr'><strong>vel</strong></span> <span class='ocrx_word' id='word_1_183' title='bbox 777 2071 873 2125; x_wconf 89' lang='lat' dir='ltr'><strong>ambitu</strong></span> <span class='ocrx_word' id='word_1_184' title='bbox 890 2071 953 2125; x_wconf 90' lang='lat' dir='ltr'><strong>ordo</strong></span> 
     </span>
    </p>
   </div>
   <div class='ocr_carea' id='block_1_5' title="bbox 158 2139 1042 2219">
    <p class='ocr_par' dir='ltr' id='par_1_12' title="bbox 158 2139 1042 2219">
     <span class='ocr_line' id='line_1_28' title="bbox 158 2139 1042 2219; baseline 0 -17"><span class='ocrx_word' id='word_1_185' title='bbox 158 2147 262 2202; x_wconf 78' lang='lat' dir='ltr'><strong>militia.</strong></span> <span class='ocrx_word' id='word_1_186' title='bbox 300 2147 414 2202; x_wconf 86' lang='lat' dir='ltr'><strong>Sedecim</strong></span> <span class='ocrx_word' id='word_1_187' title='bbox 437 2148 569 2219; x_wconf 85' lang='lat' dir='ltr'><strong>praetcrioe,</strong></span> <span class='ocrx_word' id='word_1_188' title='bbox 588 2150 698 2217; x_wconf 88' lang='lat' dir='ltr'><strong>quatuor</strong></span> <span class='ocrx_word' id='word_1_189' title='bbox 715 2147 817 2202; x_wconf 87' lang='lat' dir='ltr'><strong>urbanae</strong></span> <span class='ocrx_word' id='word_1_190' title='bbox 835 2139 953 2202; x_wconf 85' lang='lat' dir='ltr'><strong>cohortes</strong></span> <span class='ocrx_word' id='word_1_191' title='bbox 1041 2211 1042 2218; x_wconf 9' lang='grc' dir='ltr'>χ</span> 
     </span>
    </p>
   </div>
   <div class='ocr_carea' id='block_1_6' title="bbox 159 2223 955 2370">
    <p class='ocr_par' dir='ltr' id='par_1_13' title="bbox 159 2223 955 2370">
     <span class='ocr_line' id='line_1_29' title="bbox 159 2223 954 2295; baseline 0.001 -18"><span class='ocrx_word' id='word_1_192' title='bbox 159 2224 341 2289; x_wconf 89' lang='lat' dir='ltr'><strong>scribebantur,</strong></span> <span class='ocrx_word' id='word_1_193' title='bbox 361 2225 417 2294; x_wconf 86' lang='lat' dir='ltr'><strong>quis</strong></span> <span class='ocrx_word' id='word_1_194' title='bbox 435 2224 536 2295; x_wconf 85' lang='lat' dir='ltr'><strong>singula</strong></span> <span class='ocrx_word' id='word_1_195' title='bbox 552 2223 631 2278; x_wconf 86' lang='lat' dir='ltr'><strong>millia</strong></span> <span class='ocrx_word' id='word_1_196' title='bbox 647 2223 767 2278; x_wconf 85' lang='lat' dir='ltr'><strong>inessent.</strong></span> <span class='ocrx_word' id='word_1_197' title='bbox 805 2224 866 2277; x_wconf 90' lang='lat' dir='ltr'><strong>Plus</strong></span> <span class='ocrx_word' id='word_1_198' title='bbox 884 2224 911 2278; x_wconf 93' lang='lat' dir='ltr'><strong>in</strong></span> <span class='ocrx_word' id='word_1_199' title='bbox 923 2241 954 2278; x_wconf 88' lang='lat' dir='ltr'><strong>co</strong></span> 
     </span>
     <span class='ocr_line' id='line_1_30' title="bbox 160 2298 955 2370; baseline 0.004 -19"><span class='ocrx_word' id='word_1_200' title='bbox 160 2298 261 2354; x_wconf 84' lang='lat' dir='ltr'><strong>delectu</strong></span> <span class='ocrx_word' id='word_1_201' title='bbox 279 2301 373 2353; x_wconf 86' lang='lat' dir='ltr'><strong>Valens</strong></span> <span class='ocrx_word' id='word_1_202' title='bbox 391 2299 508 2368; x_wconf 87' lang='lat' dir='ltr'><strong>audebat,</strong></span> <span class='ocrx_word' id='word_1_203' title='bbox 526 2305 647 2369; x_wconf 89' lang='lat' dir='ltr'><strong>tanquam</strong></span> <span class='ocrx_word' id='word_1_204' title='bbox 664 2299 749 2368; x_wconf 88' lang='lat' dir='ltr'><strong>ipsum</strong></span> <span class='ocrx_word' id='word_1_205' title='bbox 767 2299 892 2354; x_wconf 79' lang='lat' dir='ltr'><strong>Gaecinam</strong></span> <span class='ocrx_word' id='word_1_206' title='bbox 911 2317 955 2370; x_wconf 89' lang='lat' dir='ltr'><strong>pe-</strong></span> 
     </span>
    </p>
   </div>
   <div class='ocr_carea' id='block_1_7' title="bbox 138 2375 1042 2446">
    <p class='ocr_par' dir='ltr' id='par_1_14' title="bbox 138 2375 1042 2446">
     <span class='ocr_line' id='line_1_31' title="bbox 138 2375 1042 2446; baseline 0.008 -22"><span class='ocrx_word' id='word_1_207' title='bbox 138 2375 239 2428; x_wconf 64' lang='lat' dir='ltr'><strong>esculo</strong></span> <span class='ocrx_word' id='word_1_208' title='bbox 264 2377 406 2429; x_wconf 84' lang='lat' dir='ltr'><strong>exemisset.</strong></span> <span class='ocrx_word' id='word_1_209' title='bbox 444 2377 509 2430; x_wconf 87' lang='lat' dir='ltr'><strong>Sane</strong></span> <span class='ocrx_word' id='word_1_210' title='bbox 534 2376 645 2430; x_wconf 87' lang='lat' dir='ltr'><strong>adventu</strong></span> <span class='ocrx_word' id='word_1_211' title='bbox 668 2377 723 2446; x_wconf 91' lang='lat' dir='ltr'><strong>ejus</strong></span> <span class='ocrx_word' id='word_1_212' title='bbox 752 2381 838 2446; x_wconf 86' lang='lat' dir='ltr'><strong>partes</strong></span> <span class='ocrx_word' id='word_1_213' title='bbox 862 2394 955 2431; x_wconf 88' lang='lat' dir='ltr'><strong>couva·</strong></span> <span class='ocrx_word' id='word_1_214' title='bbox 1041 2385 1042 2394; x_wconf 60' lang='lat'>¹</span> 
     </span>
    </p>
   </div>
   <div class='ocr_carea' id='block_1_8' title="bbox 118 2450 958 2736">
    <p class='ocr_par' dir='ltr' id='par_1_15' title="bbox 118 2450 958 2736">
     <span class='ocr_line' id='line_1_32' title="bbox 160 2450 955 2524; baseline 0.005 -20"><span class='ocrx_word' id='word_1_215' title='bbox 160 2450 268 2513; x_wconf 90' lang='lat' dir='ltr'><strong>lucrant,</strong></span> <span class='ocrx_word' id='word_1_216' title='bbox 289 2453 316 2504; x_wconf 90' lang='lat' dir='ltr'><strong>et</strong></span> <span class='ocrx_word' id='word_1_217' title='bbox 336 2451 465 2504; x_wconf 88' lang='lat' dir='ltr'><strong>sinistrum</strong></span> <span class='ocrx_word' id='word_1_218' title='bbox 486 2451 549 2506; x_wconf 91' lang='lat' dir='ltr'><strong>lenti</strong></span> <span class='ocrx_word' id='word_1_219' title='bbox 568 2453 665 2506; x_wconf 86' lang='lat' dir='ltr'><strong>itineris</strong></span> <span class='ocrx_word' id='word_1_220' title='bbox 684 2471 811 2506; x_wconf 88' lang='lat' dir='ltr'><strong>rumorem</strong></span> <span class='ocrx_word' id='word_1_221' title='bbox 832 2470 955 2524; x_wconf 87' lang='lat' dir='ltr'><strong>prospero</strong></span> 
     </span>
     <span class='ocr_line' id='line_1_33' title="bbox 161 2523 956 2596; baseline 0.009 -20"><span class='ocrx_word' id='word_1_222' title='bbox 161 2523 247 2594; x_wconf 77' lang='lat' dir='ltr'><strong>praelio</strong></span> <span class='ocrx_word' id='word_1_223' title='bbox 265 2529 384 2578; x_wconf 83' lang='lat' dir='ltr'><strong>verterat.</strong></span> <span class='ocrx_word' id='word_1_224' title='bbox 420 2525 560 2596; x_wconf 85' lang='lat' dir='ltr'><strong>Omnisque</strong></span> <span class='ocrx_word' id='word_1_225' title='bbox 577 2527 704 2582; x_wconf 85' lang='lat' dir='ltr'><strong>inferioris</strong></span> <span class='ocrx_word' id='word_1_226' title='bbox 723 2529 864 2582; x_wconf 77' lang='lat' dir='ltr'><strong>Germania</strong></span> <span class='ocrx_word' id='word_1_227' title='bbox 882 2528 956 2584; x_wconf 89' lang='lat' dir='ltr'><strong>miles</strong></span> 
     </span>
     <span class='ocr_line' id='line_1_34' title="bbox 162 2599 957 2673; baseline 0.01 -21"><span class='ocrx_word' id='word_1_228' title='bbox 162 2599 294 2653; x_wconf 76' lang='lat' dir='ltr'><strong>Valentem</strong></span> <span class='ocrx_word' id='word_1_229' title='bbox 309 2600 498 2666; x_wconf 83' lang='lat' dir='ltr'><strong>assentabatur;</strong></span> <span class='ocrx_word' id='word_1_230' title='bbox 516 2603 583 2656; x_wconf 90' lang='lat' dir='ltr'><strong>unde</strong></span> <span class='ocrx_word' id='word_1_231' title='bbox 598 2604 706 2673; x_wconf 91' lang='lat' dir='ltr'><strong>primum</strong></span> <span class='ocrx_word' id='word_1_232' title='bbox 719 2605 831 2659; x_wconf 89' lang='lat' dir='ltr'><strong>creditur</strong></span> <span class='ocrx_word' id='word_1_233' title='bbox 848 2604 957 2662; x_wconf 76' lang='lat' dir='ltr'><strong>Gaeoinae</strong></span> 
     </span>
     <span class='ocr_line' id='line_1_35' title="bbox 118 2675 958 2736; baseline 0.011 -8"><span class='ocrx_word' id='word_1_234' title='bbox 118 2675 224 2730; x_wconf 85' lang='lat' dir='ltr'><strong>94fides</strong></span> <span class='ocrx_word' id='word_1_235' title='bbox 247 2676 369 2730; x_wconf 79' lang='lat' dir='ltr'><strong>fluittssc.</strong></span> <span class='ocrx_word' id='word_1_236' title='bbox 416 2676 542 2732; x_wconf 74' lang='lat' dir='ltr'><strong>Ceterum</strong></span> <span class='ocrx_word' id='word_1_237' title='bbox 572 2696 624 2732; x_wconf 90' lang='lat' dir='ltr'><strong>non</strong></span> <span class='ocrx_word' id='word_1_238' title='bbox 652 2680 690 2734; x_wconf 88' lang='lat' dir='ltr'><strong>ita</strong></span> <span class='ocrx_word' id='word_1_239' title='bbox 713 2680 819 2736; x_wconf 90' lang='lat' dir='ltr'><strong>ducibus</strong></span> <span class='ocrx_word' id='word_1_240' title='bbox 848 2681 958 2736; x_wconf 88' lang='lat' dir='ltr'><strong>indulsit</strong></span> 
     </span>
    </p>
   </div>
   <div class='ocr_carea' id='block_1_9' title="bbox 0 0 1063 3038">
    <p class='ocr_par' dir='ltr' id='par_1_16' title="bbox 0 0 1063 3038">
     <span class='ocr_line' id='line_1_36' title="bbox 0 0 1063 3038; baseline 0 0"><span class='ocrx_word' id='word_1_241' title='bbox 0 0 1063 3038; x_wconf 95' lang='lat' dir='ltr'><strong> </strong></span> 
     </span>
    </p>
   </div>
  </div>
 </body>
</html>
