2104 3022
166 127 219 176 ,806
493 129 642 179 olemus

123 242 162 296 24
199 237 964 311 Qumeumhperdirlsset“hgooseitisne‚”imquithlrter—

170 332 227 379 uus,
240 314 317 370 “vim
333 319 360 370 et
373 315 489 370 adonin
499 316 564 387 Apri
580 315 681 371 nostrii
699 315 760 375 Quo
775 318 896 380 torrente,
910 329 964 386 quo

170 389 269 460 impetu
286 391 399 445 seculum
419 394 534 445 nostrum
553 390 682 446 defenditl
702 391 789 450 Quam
808 391 911 461 oopioee
931 405 964 446 ao

170 466 239 520 voris
250 466 351 522 sonavit
363 467 497 537 antiquos!
520 467 627 526 Quanto
645 485 696 521 non
712 467 795 522 solum
809 465 913 537 ingenio
931 483 964 522 eo

170 541 271 612 spiritu,
284 541 330 596 sod
341 542 418 596 otiam
429 541 571 598 eruditione
582 546 609 597 ot
624 546 687 608 nte,
700 542 732 598 ab
744 542 806 612 ipsis
823 545 961 596 mutuatas

147 621 218 681 test,
231 635 276 687 per
288 635 343 688 qua
355 632 415 672 mox
425 618 494 687 ipsos
509 618 663 673 irroosseretl
682 618 767 673 hum
783 621 878 686 tamen,
890 617 963 672 Mas·

170 693 229 757 salu
250 692 403 762 premissum
422 693 571 748 immotlsse
590 711 642 748 non
660 693 744 749 dehet
779 693 871 764 Neque
892 692 964 748 onim

170 769 327 824 defensorem
345 769 507 840 antiquorum
524 769 657 840 erigimus,
669 787 717 824 neo
734 787 885 840 quemquam
902 785 964 823 nos-

169 849 246 909 trum,
263 863 408 915 quenquam
423 845 498 900 modo
513 845 609 900 laudati
625 863 721 910 summ,
733 845 765 899 iis
777 862 841 915 quos
853 845 964 899 inserta·

169 923 213 975 tus
237 927 277 976 est
300 922 371 992 Aper
391 939 572 992 eomparamus.
608 922 648 975 Ao
671 939 704 975 ne
724 923 779 990 ipsa
799 920 901 990 quidem
924 919 964 974 ita

171 997 257 1062 sentit,
276 999 322 1052 sed
340 1015 411 1052 more
428 997 519 1063 veteri,
534 1001 561 1052 et
579 1015 595 1050 o
611 997 703 1052 vestris
721 996 877 1066 philosophie
894 1013 963 1066 stepo

148 1073 304 1142 orelebrato,
328 1073 437 1144 sumpsit
461 1073 509 1128 sihi
532 1071 722 1128 oontrsdioendi
744 1077 839 1141 partes.
875 1071 964 1142 Igitur

171 1168 290 1220 exprome
302 1150 374 1205 nohis
386 1169 437 1204 non
448 1149 617 1204 laudationem
629 1149 798 1218 antiquorum,
810 1147 883 1214 (satis
894 1147 964 1202 euim

171 1225 228 1280 illos
247 1226 315 1280 lame
332 1245 379 1280 sua
397 1225 503 1294 lsudat,)
522 1224 569 1280 sed
589 1228 677 1280 osuses
698 1242 744 1279 our
763 1223 791 1277 in
809 1227 910 1277 tantum
930 1221 964 1278 ab

172 1301 316 1372 eloquentia
326 1318 415 1357 eorum
430 1301 615 1366 reoesserimuq
626 1318 686 1356 eum
703 1299 843 1370 presertim
858 1301 964 1354 uentum

173 1382 199 1432 et
219 1378 311 1448 viginti
331 1395 409 1432 onnes
430 1377 462 1432 oh
481 1377 586 1432 interitu
609 1375 737 1432 Oiooronis
756 1375 785 1430 in
804 1375 872 1430 huno
895 1373 964 1429 dim

172 1454 246 1518 offici,
259 1455 325 1508 ratio
335 1458 480 1524 temporum
491 1452 646 1524 eollogerit.”
1030 1503 1035 1516 ,

125 1532 162 1584 25
206 1530 272 1584 lium
289 1531 408 1595 Messala,
424 1533 438 1560 “
449 1531 545 1600 Sequar
562 1529 733 1599 prescriptam
750 1546 768 1582 o
784 1531 819 1594 te
836 1529 963 1589 Materne,

171 1605 285 1658 formam.
321 1605 413 1675 Neque
431 1605 498 1660 enim
517 1604 562 1660 diu
580 1603 804 1660 oontrsdioendum
823 1607 863 1659 ost
882 1605 963 1673 Apro,

172 1680 216 1750 qui
233 1679 349 1750 primurm
367 1685 398 1734 ut
416 1681 512 1750 opinor,
532 1680 641 1736 nominis
660 1680 856 1736 oontreuorsiam
873 1678 963 1744 morit,

171 1761 292 1827 touquom
308 1771 397 1827 parum
414 1757 514 1828 proprie
530 1757 628 1828 antiqui
643 1760 802 1821 separentur,
818 1773 883 1828 quos
900 1755 964 1810 satis

120 1836 126 1842 ‘
149 1838 273 1892 suuntur
288 1837 348 1888 ante
363 1837 464 1888 eentum
477 1851 556 1888 sonos
571 1833 659 1888 fuisso.
694 1833 760 1888 Mihi
776 1835 862 1887 eutem
877 1831 910 1886 de
921 1849 966 1886 vo-

172 1911 262 1966 oobulo
273 1927 360 1982 pugna
372 1927 425 1966 nou
439 1914 497 1976 eat;
515 1911 569 1966 sive
580 1909 636 1964 illos
651 1909 771 1980 antiquos
785 1908 839 1964 sivo
852 1911 965 1977 majores

172 1987 225 2042 sive
248 2003 299 2058 quo
321 1987 371 2042 alio
394 1987 492 2042 mavult
515 1987 616 2042 nomine
639 1985 755 2056 appellet,
777 1983 915 2040 ‹himmodo
937 1983 967 2038 in

172 2063 288 2118 molosso
303 2063 345 2129 sit,
362 2063 552 2118 eminentiorem
567 2062 668 2118 illorum
685 2065 828 2132 temporum
845 2060 966 2130 eloquor·

172 2139 235 2194 tiam
254 2140 341 2194 luisse.
377 2139 419 2194 Ne
441 2139 478 2194 illi
498 2138 599 2210 quidem
617 2137 686 2208 parti
705 2137 831 2192 sermonis
848 2141 907 2208 ojus
927 2155 966 2192 re·

172 2233 267 2286 pugno,
288 2215 307 2285 †
330 2215 353 2270 si
375 2215 489 2270 eominus
512 2215 616 2280 fatetur,
641 2213 726 2284 plures
749 2213 843 2268 leneas
865 2212 967 2268 dioendi

149 2291 249 2346 oetiom
268 2291 356 2348 iisdem
378 2292 477 2358 seoulie,
495 2291 588 2346 nedum
609 2289 722 2355 diversis,
742 2289 879 2344 exstitisse.
915 2289 966 2345 Sed

174 2385 224 2435 quo
244 2368 319 2422 modo
342 2369 410 2422 inter
433 2368 534 2422 Attioos
557 2373 671 2422 oratores
691 2366 778 2436 primae
799 2365 966 2421 Demostheni

173 2441 330 2507 tribuuntur,
343 2445 485 2512 proximum
496 2447 580 2498 autem
595 2442 679 2498 locum
690 2442 823 2498 AEsohines
838 2446 867 2496 et
879 2443 967 2512 Hype-

173 2515 240 2570 rides
259 2521 286 2570 ot
304 2518 395 2586 Lysias
414 2524 441 2572 ot
458 2520 593 2590 Lyeurgus
609 2519 732 2583 obtinent,
749 2517 863 2572 omnium
880 2522 966 2572 autem

173 2608 295 2646 oonoessu
306 2591 360 2647 hmo
371 2597 500 2648 oratorum
512 2599 573 2650 ortas
584 2595 692 2652 mraxime
704 2593 833 2664 probatur,
844 2593 883 2648 aio
899 2593 966 2663 opud

172 2683 220 2721 nos
232 2666 318 2722 Oioero
327 2666 428 2737 quidem
439 2673 545 2726 caeteros
556 2669 694 2728 eorundem
701 2675 845 2740 temporum
857 2669 965 2725 disertos
