2096 3038
93 175 121 214 Δ.
132 174 212 224 Μ]
262 112 517 164 HISTORIARUM
535 113 587 163 111.
607 111 709 164 74-78.
839 115 884 163 ltl

93 227 155 278 unte
168 223 222 280 dies
234 223 384 281 discesserat
395 226 505 298 Apinius
516 226 584 293 liro,
596 223 719 295 donisque
730 241 760 280 ec
771 223 886 296 pecuniis

93 300 186 358 acerbe
204 319 250 372 per
265 302 402 373 municipis
419 303 597 374 conquirendis
615 301 674 373 plus
691 301 793 357 invidie
810 319 888 373 quem

94 377 188 433 virium
199 378 314 448 pertibus
327 378 442 435 addebat.
479 380 586 435 Interim
603 377 636 434 cd
650 378 681 433 L.
690 378 823 434 Vitellium
835 396 888 433 ser·
897 377 934 438 77

94 471 144 509 vus
154 454 269 526 Verginii
284 455 417 526 Capitonis
427 456 548 528 perfugit,
565 455 751 527 pollicitusque,
768 455 790 510 si
802 454 889 525 presi-

94 529 167 585 dium
178 531 311 602 occiperet,
320 549 427 587 vacuam
439 551 522 588 arcem
533 532 696 590 tmditnrnm.
715 531 802 587 Multa
812 534 888 588 nocte

95 607 214 662 cohortes
229 607 360 678 expedites
378 611 482 666 summis
498 609 623 665 montium
639 608 709 680 jugis
722 627 800 679 super
810 610 889 679 caput

95 684 209 738 hostium
225 684 302 739 sistit.
338 685 404 740 Inde
420 686 493 741 miles
509 686 542 741 ed
559 685 653 742 cedem
668 685 749 756 megis
764 702 840 756 quum
856 682 889 738 ud

96 778 209 832 pugnum
235 760 357 816 dcem-rit.
394 763 518 818 Sternunt
546 763 657 818 inermos
685 764 730 816 cut
753 779 824 816 orme
849 778 891 816 cs·

96 837 205 908 pientes,
222 841 249 893 et
264 837 387 908 quosdam
405 856 493 894 somno
509 839 617 903 excitos,
633 855 693 892 cum
706 836 827 902 tenebris,
846 854 891 908 pc-

96 931 166 979 vcre,
196 913 283 968 sonitu
312 913 440 982 tuburum,
469 915 578 970 clamore
603 913 691 968 hostili
716 912 889 969 tutarentur.

97 989 179 1044 Pauci
203 989 375 1058 gladiatorum
398 990 547 1046 resistentes
570 1007 653 1061 neque
675 988 752 1044 inulti
769 987 914 1044 occideret

97 1064 195 1119 Ceteri
218 1064 251 1118 sd
274 1083 352 1120 neves
371 1065 486 1132 ruebant,
511 1066 557 1120 ubi
574 1069 667 1121 cuncta
682 1065 738 1134 pari
758 1063 892 1120 formidine

98 1139 301 1210 implicabuntur,
314 1141 446 1210 permixtis
458 1142 570 1213 peguuis,
587 1159 651 1212 quos
662 1140 731 1195 nullc
749 1139 893 1195 discrimine

99 1215 234 1272 Vitelliani
256 1215 425 1272 trucidabunt.
463 1218 514 1273 Sex
534 1217 676 1273 Liburnicm
694 1216 762 1272 iuter
784 1216 893 1286 primum

98 1293 238 1348 tumultum
264 1311 373 1362 evasere,
396 1294 425 1348 in
448 1295 505 1365 quis
528 1294 664 1366 preelectus
687 1291 774 1348 elassis
797 1291 894 1363 Apolli-

99 1370 185 1436 naris3
211 1369 316 1441 reliques
336 1370 364 1425 in
384 1370 460 1426 litore
483 1375 572 1442 ceptce,
595 1374 640 1425 cut
663 1369 742 1425 nimio
765 1368 895 1424 ruentium

99 1465 176 1502 onere
193 1465 293 1518 presses
311 1465 380 1502 mere
396 1447 490 1503 hausit.
527 1447 652 1513 Julianus,
666 1446 698 1502 cd
714 1446 745 1501 Is.
758 1445 915 1501 Vitelliumt

98 1523 245 1594 perductus,
258 1527 286 1579 et
297 1523 445 1580 verberibus
457 1523 575 1592 foedutus,
586 1524 615 1579 iu
625 1541 669 1579 ore
686 1522 742 1594 ejus
751 1523 893 1595 juguletur.

99 1599 182 1656 Fuere
206 1601 250 1671 qui
277 1618 384 1656 uxorem
411 1601 443 1655 L.
456 1600 556 1656 Vitellii
580 1601 703 1658 Triarium
730 1600 894 1668 incesserent,

98 1679 221 1748 tunquam
239 1676 324 1748 gladic
340 1677 444 1732 militari
461 1678 546 1733 cincta
562 1678 628 1733 inter
643 1678 742 1733 luctum
759 1676 894 1747 cladesque

99 1757 252 1824 expugnate
269 1754 412 1809 Turranium
428 1755 537 1825 superbe
557 1773 673 1826 seneque
694 1754 796 1826 egisset.
833 1754 894 1823 Ipse

99 1829 212 1884 lauream
228 1833 307 1900 geste
325 1848 446 1900 prospere
464 1831 502 1885 rei
517 1829 550 1886 sd
567 1831 675 1886 fratrem
686 1831 764 1898 misit,
776 1845 895 1901 percunc-
925 1875 928 1883 l

100 1909 173 1960 tetus
201 1905 288 1959 stetim
312 1905 413 1976 regredi
437 1924 465 1960 sc
489 1925 522 1960 eu
550 1906 728 1976 perdomuudae
754 1905 896 1976 campanie

101 1980 219 2034 insistere
237 1980 346 2050 juberet.
383 1981 461 2040 Quod
485 1982 596 2037 salutare
618 2001 672 2038 non
688 1981 763 2037 modo
780 1981 919 2052 pertibust

102 2055 257 2126 Vespasiani
277 2055 322 2110 sed
338 2056 483 2126 reipublice
500 2058 559 2112 luit.
613 2059 682 2112 Nem
700 2058 723 2112 si
739 2075 827 2112 recens
844 2057 898 2112 vic-

102 2131 169 2187 toris
177 2131 258 2197 miles,
268 2135 295 2186 et
307 2150 384 2202 super
395 2133 498 2187 insitum
510 2133 677 2204 pervicaciam
689 2132 806 2189 secundis
817 2133 898 2200 ferox,

103 2209 214 2264 Romam
234 2207 415 2276 contendisset,
433 2208 502 2264 hund
523 2227 602 2279 parve
619 2210 685 2265 mole
706 2213 831 2265 certatum
850 2227 898 2265 nec

102 2285 157 2342 siue
175 2284 257 2340 exitio
281 2283 352 2340 urbis
377 2284 451 2340 foret.
488 2285 593 2356 Quippe
613 2287 641 2341 Is.
655 2285 769 2352 Vitellio,
783 2286 898 2356 quumvis

102 2361 197 2431 infami,
214 2361 297 2416 inerat
317 2360 460 2428 industria3
484 2380 532 2417 nec
552 2362 700 2429 virtutibus,
722 2363 839 2431 utboni,
852 2363 898 2420 sed

103 2437 228 2510 quomodo
240 2439 365 2509 pessimus
378 2437 493 2508 quisque,
507 2438 577 2493 vitiis
589 2439 697 2496 valebat

137 2515 208 2570 Dum
232 2515 287 2570 hoec
310 2514 337 2569 in
356 2513 472 2586 pertibus
493 2513 592 2569 Vitellii
612 2519 745 2587 geruntur,
768 2515 944 2588 digressus78
1036 2543 1037 2583 l

103 2590 202 2646 Narnia
213 2589 364 2661 Vespasiani
375 2590 502 2645 exercitus
512 2591 591 2647 festos
605 2592 709 2648 Saturni
720 2591 774 2647 dies
786 2591 900 2648 Ocriculi
1035 2647 1036 2650 ,

103 2685 149 2738 per
165 2666 247 2722 otium
262 2666 385 2739 egitcbet.
421 2667 506 2723 Causa
521 2671 574 2724 tam
592 2687 676 2741 preve
693 2687 779 2735 morse,
791 2672 823 2723 ut
838 2667 901 2723 uu·
1035 2685 1036 2730 l
