2086 3026
176 100 223 148 218
378 113 383 120 ·
517 93 637 142 Tucim
847 135 854 143 .

814 151 977 201 mcum.

176 205 250 263 randi
261 222 332 262 amor
343 205 370 259 et
388 203 512 258 moriendi
529 187 700 274 contemptus.
737 201 850 272 Corpora
865 201 979 256 condere

177 299 383 355 cumbremare,
397 298 411 334 e
430 297 500 334 more
517 279 641 350 AEgyptio
649 301 657 344 ;
675 277 814 348 eademque
831 294 893 332 cura
904 280 933 331 et
945 275 980 331 de

155 360 283 416 diniernis
295 356 434 430 persuasio.
472 355 619 410 Gelestium
631 357 730 409 contra.
766 353 883 424 AEgyptii
894 352 981 422 plera-

178 455 228 507 que
240 434 356 490 animalia
372 432 517 503 effigiesque
535 431 688 500 compositas
705 433 873 494 veneronum
891 427 979 485 Judaei
1031 421 1032 446 ¹

179 516 263 566 mente
281 510 335 564 sola
352 526 482 576 unumque
499 525 593 562 numen
610 506 774 577 intelligunt:
793 505 914 575 profanos
933 503 979 574 qui

179 587 254 641 deum
266 585 388 654 imagines
400 583 550 638 mortalibus
568 583 681 638 materiis
693 583 721 636 in
738 581 835 652 species
846 581 982 635 bominum

179 663 314 731 effingaut3
333 679 460 715 smnmum
480 659 544 714 illud
564 663 591 714 et
612 663 735 714 aternum
756 675 839 728 neque
854 655 982 710 imitabile

179 755 262 807 neque
288 736 460 791 interiturum.
505 736 592 806 Igitur
616 735 686 790 nulla
712 733 847 788 simulacra
872 732 982 786 urbibus

159 813 241 877 lauis,
254 812 349 866 nedum
360 813 462 882 templis
472 813 568 867 sinunt.
604 812 667 866 Non
675 811 779 881 regibus
791 810 845 864 baec
857 808 980 875 adulatio,

180 906 233 942 non
259 889 402 943 Caesaribus
429 888 517 942 bonor.
554 887 606 941 Sed
632 887 692 957 quia
717 885 862 940 sacerdotes
889 901 981 938 eorum

181 965 244 1020 tibia
269 965 447 1035 tympanisque
473 963 648 1028 concinebant,
674 962 768 1024 hedera
794 961 979 1024 vinciebantur,

182 1041 291 1112 vitisque
312 1059 389 1095 aurea
409 1039 505 1110 templo
525 1043 635 1109 reperta,
657 1039 780 1093 Liberum
800 1041 899 1108 patrem
923 1036 979 1100 coli,

183 1117 332 1172 domitorem
345 1116 466 1180 Orientis,
481 1114 584 1185 quidam
600 1115 718 1170 arbitrati
733 1117 802 1178 suut,
819 1131 981 1184 nequaquam

183 1193 382 1264 congruentibus
394 1191 529 1246 institutis.
566 1191 665 1262 Quippe
677 1189 981 1260 liberiestoslaetcsque
1031 1185 1032 1244 l

183 1269 249 1323 ritus
262 1269 355 1338 posuit,
369 1268 386 1322 J
387 1268 517 1322 udaeorum
531 1285 585 1322 mos
598 1266 722 1322 absurdus
735 1265 911 1336 sordidasque.
1031 1245 1032 1328 l

159 1359 177 1410 6
218 1345 297 1398 Terra
308 1344 427 1415 lineaque,
440 1361 491 1414 qua
502 1342 534 1396 ad
546 1343 677 1398 Orientem
693 1346 810 1414 vergunt,
823 1341 920 1395 Arabia
931 1344 982 1396 ter-
1031 1333 1032 1424 l

159 1415 165 1428 '
184 1421 328 1486 minantur;
347 1419 616 1491 ameridieAEgyptus
628 1420 743 1489 objacet3
763 1419 794 1474 ab
806 1436 899 1474 occasu
908 1419 982 1472 Phoe
1031 1439 1032 1444 ¹

184 1499 253 1549 nicea
277 1503 304 1549 et
327 1514 412 1562 mare3
438 1496 637 1566 septentrionem
660 1514 675 1551 e
698 1496 777 1550 latere
802 1494 882 1565 Syria
905 1493 983 1564 longe

164 1576 355 1644 tprospeotant.
402 1574 516 1644 Corpora
535 1575 666 1629 bominum
686 1573 798 1628 salubria
821 1576 848 1627 et
873 1573 983 1627 ferentia

185 1647 307 1704 laborum.
343 1649 408 1703 Rari
423 1649 525 1715 imbres,
542 1650 605 1706 uber
623 1650 713 1706 solum.
749 1649 848 1720 Fruges
865 1652 984 1703 nostrum

185 1723 218 1780 ad
236 1741 340 1790 morem,
361 1728 505 1796 praeterque
525 1745 569 1781 eas
588 1726 727 1781 balsamum
747 1729 774 1780 et
793 1727 891 1795 palmae.
928 1725 984 1779 Pul·
1031 1739 1032 1744 ¹

163 1799 260 1856 emetis
272 1801 410 1872 proceritas
420 1805 447 1856 et
459 1801 542 1857 decor.
578 1802 725 1857 Balsamum
736 1802 835 1856 modica
844 1800 936 1856 arbor:
955 1804 984 1854 ut

187 1877 294 1950 quisque
305 1895 390 1932 ramus
406 1877 537 1943 intumuit,
557 1878 592 1946 (si
607 1879 658 1932 vim
670 1878 732 1932 ferri
749 1877 876 1942 adhibeas,
889 1879 985 1948 pavent

187 1956 278 2024 venoa)
291 1954 416 2025 fragmine
427 1954 518 2026 lapidis
529 1957 575 2008 aut
586 1956 656 2008 testa
671 1953 835 2024 aperiuntur3
853 1953 949 2008 humor
960 1953 986 2006 in

165 2037 239 2086 lusu
261 2030 417 2086 medentium
440 2033 488 2085 est.
524 2029 685 2100 Praecipuum
709 2029 834 2084 montium
856 2028 985 2084 Libanum

188 2108 273 2180 erigii,
286 2107 379 2162 mirum
391 2106 470 2171 dictu,
482 2108 569 2160 tantos
580 2105 649 2160 inter
661 2105 763 2160 ardores
775 2123 883 2176 opacum
895 2104 985 2158 fidum·

188 2201 238 2254 que
257 2184 366 2238 nivibus.
402 2181 472 2236 Idem
497 2199 596 2236 amnem
620 2181 753 2236 Jordanen
775 2181 820 2258 alit
840 2180 985 2252 funditque.

188 2259 245 2312 Nec
257 2259 274 2311 J
275 2259 380 2313 ordanes
392 2258 481 2328 pelago
493 2257 624 2327 accipitur,
638 2258 773 2314 sedunum
786 2261 864 2328 atque
877 2256 987 2312 altorum

166 2331 270 2382 olacum
278 2331 379 2400 integer
387 2332 499 2399 perfluit,
509 2332 587 2386 tertio
596 2333 730 2388 retinetur.
766 2333 851 2388 Lacus
860 2332 986 2386 immenso

188 2401 292 2484 ambitu,
305 2405 388 2470 specie
400 2407 484 2472 maris,
497 2424 587 2476 sapore
599 2410 749 2478 corruptior,
762 2409 889 2480 gravitate
901 2408 987 2463 odoris

189 2472 279 2524 accolis
300 2477 412 2541 pestifer,
433 2497 516 2549 neque
536 2485 614 2536 vento
634 2483 781 2553 impellitur,
800 2501 884 2553 neque
902 2483 986 2553 pisces

188 2547 233 2631 aut
245 2549 331 2597 suetas
343 2549 414 2630 aquis
422 2551 538 2608 volucres
547 2557 652 2624 patitur.
689 2559 799 2614 Incerta
812 2557 888 2613 undae
897 2577 988 2629 super-

186 2619 264 2684 Jwisss
276 2620 306 2670 ui
318 2619 405 2684 ⁸0th
418 2623 520 2690 lerunt;
538 2631 615 2696 periti
623 2632 784 2705 imperitique
792 2633 870 2688 nundi
879 2635 987 2704 perinde
