2070 3204
168 116 199 162 20
504 111 623 160 raeiri

799 171 836 220 [a.
845 170 874 210 u.
883 171 907 210 o.
919 171 965 210 eas.

169 222 256 288 Galba,
264 224 372 278 irruenti
383 223 466 279 turba
474 241 556 294 neque
566 225 642 278 etate
654 238 736 292 neque
748 237 853 291 corpore
861 221 967 284 sistens,

148 301 231 362 suella
242 300 376 356 levaretur.
413 300 511 356 Obvius
523 301 550 354 in
557 299 656 354 Palatio
666 299 751 352 Julius
763 297 867 352 Atticus
877 315 969 367 specu-

169 377 242 442 lator,
256 381 390 432 crueutrun
408 376 519 448 gladium
536 379 675 441 ostentans,
689 375 801 430 occisum
816 393 831 428 a
845 392 873 428 se
885 374 970 428 Otho

169 471 228 508 nem
237 453 406 517 exclamavit3
430 456 457 507 ct
470 452 556 519 Galba,
571 457 587 480 “
596 452 767 516 Commilito‚”
781 450 873 520 iuquit,
888 451 969 520 “quis

169 529 275 602 jussit?’'
288 530 382 601 insigni
390 529 472 582 auimo
480 527 512 582 ad
519 529 682 584 coercendam
689 528 822 584 militarem
830 527 969 591 licentiam,

170 607 326 662 minantibus
338 605 487 676 intrepidus,
499 604 619 660 adversus
628 605 786 660 blandientes
795 605 970 674 incorruptus.

127 693 164 750 36
206 683 286 738 Haud
305 683 388 737 dubiae
409 682 462 752 jam
483 681 510 735 in
531 682 621 736 castris
641 682 754 736 omnium
772 685 891 746 mentes;
914 685 973 734 tan·
1017 735 1018 746 ,

171 764 265 830 trisque
281 759 355 814 ardor
372 762 469 813 utnon
487 758 600 813 contenti
616 759 716 830 agmine
734 762 760 813 et
779 757 928 828 corporibus
946 757 975 811 in
1017 749 1018 788 ³

173 840 305 906 suggestu,
318 837 407 906 inquo
419 833 494 905 paulo
507 839 566 889 aute
584 853 660 890 aurea
673 834 759 890 Galbae
772 838 859 889 statua
876 834 974 900 fuerat,

173 912 285 966 medium
308 912 376 966 inter
400 912 474 982 signa
497 911 626 966 Othonem
650 912 750 967 vexillis
774 911 975 968 circumdarent.

152 989 232 1044 2Nec
256 988 365 1043 tribunis
389 994 432 1042 aut
459 987 649 1042 centurionibus
673 987 782 1042 adeundi
806 989 894 1042 locus:
915 1008 977 1060 gre-

175 1065 261 1137 garius
279 1064 350 1120 miles
366 1063 450 1120 caveri
464 1064 568 1134 iusuper
584 1064 733 1134 praepositos
748 1065 863 1136 jubebat.
903 1065 977 1120 Stre·

175 1161 235 1214 pere
265 1146 358 1198 cuncta
381 1139 532 1195 clamoribus
557 1144 583 1194 et
607 1141 722 1196 tumultu
745 1150 772 1196 et
794 1142 978 1198 exhortatione

176 1223 273 1282 mutua,
292 1237 344 1272 non
361 1225 482 1286 tanquam
500 1216 528 1270 in
545 1217 638 1287 populo
657 1236 686 1272 ac
704 1218 784 1289 plebe,
804 1219 879 1273 variis
898 1221 979 1290 segni

177 1295 321 1350 adulatione
334 1293 445 1357 vocibus,
459 1293 504 1348 sed
516 1296 547 1347 ut
557 1312 682 1364 quemque
694 1295 849 1350 affluentium
861 1295 979 1350 militum

179 1373 335 1440 aspexerant,
350 1387 468 1439 prensare
477 1370 600 1434 manibus,
611 1372 744 1442 complecti
756 1373 839 1437 armis,
850 1371 978 1427 collocare

176 1447 258 1518 juxta,
268 1445 357 1516 preire
370 1449 562 1511 sacramentnm,
573 1447 647 1502 modo
659 1449 837 1520 imperatorem
849 1449 978 1506 militibus

158 1523 253 1579 amodo
262 1521 354 1576 milites
362 1521 507 1592 imperatori
515 1523 697 1579 commendare.
734 1527 790 1580 Neo
798 1526 883 1580 deerat
893 1526 976 1592 Otho,

180 1598 334 1670 protendens
354 1617 451 1662 manus,
471 1597 575 1653 adorere
593 1601 704 1672 vulgum,
725 1602 809 1674 jacere
830 1603 924 1667 oscula,
949 1609 977 1658 et

158 1676 266 1732 domnia
273 1674 402 1729 serviliter
417 1692 463 1744 pro
482 1673 659 1732 dominatione.
696 1679 837 1749 Postquam
855 1680 979 1734 universa
1017 1683 1018 1750 ξ

181 1752 341 1808 classicorum
355 1751 421 1822 legio
434 1756 618 1808 sacramentum
631 1755 687 1826 ejus
705 1757 809 1826 accepit,
823 1757 903 1811 fideus
915 1758 978 1812 viri-

182 1829 238 1894 bus,
248 1833 275 1882 et
285 1846 348 1898 quos
361 1828 442 1882 adhuc
455 1828 568 1899 singulos
577 1831 792 1898 exstimulaverat,
801 1834 977 1888 accendendos

137 1918 174 1975 37
182 1906 209 1960 in
218 1923 349 1960 commune
358 1908 437 1970 ratus,
446 1923 492 1974 pro
502 1905 567 1960 vallo
577 1910 900 1980 castrorumitacoepitz—“
909 1912 978 1970 Quis

182 1981 215 2038 ad
232 2000 277 2037 ros
295 1979 468 2051 processerim,
487 1981 677 2048 commilitones,
694 1984 777 2042 dicere
792 2005 844 2041 non
861 2005 976 2057 possum,

183 2059 242 2132 quia
252 2077 299 2114 nec
312 2058 439 2130 privatum
459 2076 499 2112 me
515 2076 605 2114 vocare
622 2061 735 2116 sustineo
747 2063 863 2134 princeps
876 2082 892 2117 a
903 2065 977 2119 vobis

160 2137 333 2202 anominatus,
358 2153 405 2191 nec
429 2134 567 2206 principem
592 2137 640 2191 alio
663 2137 810 2207 imperante.
852 2141 978 2195 Vestrum

183 2231 283 2283 quoque
294 2231 386 2266 nomen
393 2212 420 2266 in
431 2211 529 2266 incerto
542 2212 598 2277 erit,
609 2212 688 2268 donec
701 2214 860 2270 dubitabitur
870 2216 978 2286 impera·

163 2292 263 2342 atonem
274 2287 361 2357 populi
368 2286 479 2340 Romani
486 2287 609 2342 incastris
619 2308 652 2343 an
660 2291 760 2345 hostem
769 2292 892 2347 babeatis.
924 2296 977 2348 Au-

184 2363 277 2417 ditisne
288 2366 319 2416 ut
330 2381 405 2433 poerra
416 2380 472 2416 mea
479 2365 505 2415 et
518 2365 669 2433 supplicium
678 2372 792 2423 vestrum
804 2369 879 2424 simul
888 2376 978 2440 postu-

183 2439 284 2493 lentur?
303 2436 365 2491 adeo
386 2437 549 2492 manifestum
565 2447 604 2497 cst
623 2462 705 2515 nequo
724 2447 807 2516 perire
825 2465 872 2501 nos
893 2466 979 2519 neque

162 2515 266 2570 ssalvos
278 2531 334 2568 esse
345 2513 394 2567 nisi
405 2531 457 2567 una
465 2532 546 2584 posse.
574 2520 618 2586 Et,
631 2521 705 2592 cujus
713 2521 826 2578 lenitatis
838 2527 879 2578 est
888 2525 977 2592 Galba,

182 2599 234 2669 jam
246 2597 355 2652 fortasse
367 2595 490 2666 promisit,
504 2601 533 2649 ut
546 2596 591 2666 qui
602 2597 672 2650 nullo
684 2604 837 2666 exposcente
848 2603 889 2654 tot
901 2602 979 2657 millia

164 2671 450 2730 sinnooentissimorum
469 2671 580 2724 militum
597 2671 772 2726 trucidaverit.
809 2674 910 2729 Horror
927 2679 979 2733 ani-
