2104 3022
169 114 217 162 ³22
488 115 638 166 uAcITus
698 139 702 144 ·

169 227 317 294 reverentie,
330 226 415 284 nullus
426 225 622 300 megistrutuum
633 227 731 296 modus,
744 229 805 286 tulit
817 231 872 286 sine
883 229 962 286 dubio

168 301 332 359 valentiorem
356 304 531 377 eloquentiam,
552 306 618 360 siout
639 305 776 362 indomitus
801 324 861 378 eger
883 305 962 362 hebet

169 377 291 450 qussdnm
317 379 409 436 berbes
431 379 548 436 letiores.
585 381 635 438 Sed
658 400 705 438 neo
728 383 795 438 tenti
817 381 962 453 reipubliooe

170 455 341 512 Gracchorum
358 457 501 530 eloquentia
516 457 574 523 fuit,
591 462 622 512 ut
638 462 769 528 pateretur
786 462 812 514 et
823 458 901 530 leges,
914 475 963 514 nee

169 529 234 587 bene
245 533 336 588 fernum
349 533 498 605 eloquentis
511 533 600 589 Oioero
612 534 657 589 tuli
669 535 741 590 exitu
752 534 875 606 pensavit.

124 610 158 663 41
205 610 221 638 “
228 609 270 663 Sio
279 625 386 680 quoque,
395 608 464 681 quod
476 614 591 681 superest
603 611 702 682 untiqur
713 610 865 678 oratoribus,
876 609 963 665 forum

169 701 221 739 non
232 683 371 740 emendate
382 702 430 742 neo
441 703 522 758 usque
535 686 567 741 sd
583 690 672 742 votum
690 687 837 760 oomposite
849 687 963 742 oivitotis

170 764 348 832 argumentum
364 767 411 818 est.
448 762 514 823 Quis
530 761 598 818 enim
613 780 660 818 nos
678 763 787 820 sdvoest
798 763 849 818 nisi
859 766 905 818 snt
916 779 963 818 no-

170 855 230 893 oens
245 841 290 893 sut
305 838 403 894 miser?
434 838 512 900 Quod
528 838 694 911 municipium
711 840 740 896 in
751 839 894 896 clientelam
904 856 964 895 nos·

169 917 237 970 trem
248 914 326 982 venit,
336 916 386 972 nisi
398 915 466 988 quod
478 919 523 972 sut
534 915 633 972 vicinus
645 915 754 988 populus
767 919 812 972 sut
824 915 964 972 domestios

146 991 295 1047 2disoordie
312 991 413 1064 agitet?
440 991 526 1052 Quum
541 992 696 1064 provinciam
709 996 819 1058 tuemur,
838 991 888 1064 nisi
903 1009 964 1064 spo

170 1067 257 1123 liutem
280 1069 465 1140 vexatumque?
491 1068 574 1141 Atqui
590 1069 681 1124 melius
699 1069 791 1125 brisset
814 1087 867 1124 non
890 1069 964 1140 queri

171 1163 245 1215 quum
266 1144 396 1200 vindiceri-
432 1144 532 1205 Quodsi
552 1145 709 1202 inveniretur
727 1145 811 1217 uliquu
828 1145 917 1200 eivitus
935 1145 964 1200 in

171 1239 222 1291 que
232 1239 306 1276 nemo
323 1223 446 1294 pensaret,
462 1233 634 1293 supervacuus
650 1225 718 1278 esset
735 1221 803 1277 inter
814 1221 963 1277 innoeentes

147 1303 257 1352 notetur
275 1298 342 1353 sieut
362 1297 430 1354 inter
448 1315 523 1354 sanos
546 1297 667 1354 medicus.
704 1297 840 1358 Quomodo
862 1296 881 1357 †
903 1296 964 1352 inde

170 1373 302 1429 minimum
327 1391 391 1430 usus
413 1373 595 1448 minimumque
618 1374 749 1446 profectus
772 1392 813 1430 urs
837 1372 963 1429 medentis

169 1449 249 1506 bubet
272 1449 353 1506 iniis
377 1449 581 1524 gentibusque
603 1450 747 1506 firmissima
769 1448 915 1506 valetudine
932 1466 963 1504 on

170 1525 341 1580 saluberrimis
364 1527 512 1598 eorporibus
535 1529 653 1593 utuntur,
674 1527 711 1582 sio
727 1526 810 1582 minor
833 1529 963 1581 oratorum

170 1600 350 1672 obscuriorque
369 1602 450 1672 glorio
464 1606 505 1658 est
521 1601 590 1658 inter
605 1602 685 1658 bonos
702 1620 785 1658 mores
803 1605 830 1658 et
848 1603 875 1657 in
892 1601 963 1658 obse-

146 1677 259 1749 squam
270 1678 382 1748 regentis
395 1683 505 1748 paratos.
540 1677 612 1739 Quid
628 1677 697 1734 enim
712 1695 777 1749 opus
789 1682 829 1734 est
841 1677 924 1750 longis
936 1677 964 1732 in

171 1757 262 1810 senatu
279 1756 422 1820 sententiis,
441 1771 500 1810 oum
516 1753 606 1826 optimi
621 1753 674 1810 oito
694 1754 874 1810 oonsentinntP
892 1753 965 1814 Quid

170 1831 258 1886 multis
277 1829 346 1903 opud
363 1830 485 1902 poprdmo
507 1830 679 1897 ooneionibus,
701 1847 760 1886 oum
780 1829 812 1886 de
835 1829 964 1901 republiee

170 1925 223 1962 non
234 1907 345 1978 imperiti
361 1907 480 1963 etmulti
495 1906 643 1976 deliberent,
659 1905 706 1962 sed
721 1906 924 1977 sapientissimus
936 1911 964 1960 et

171 1985 258 2040 unus?
285 1983 356 2044 Quid
372 1983 522 2040 voluntariis
538 1981 749 2048 uoousationibus,
767 2000 826 2038 oum
840 1985 895 2038 tum
906 2000 964 2037 raro

171 2063 198 2114 et
209 2064 263 2116 turn
274 2078 349 2132 puroe
361 2061 496 2132 peooeturl
515 2059 586 2122 Quid
596 2058 728 2116 invidiosis
740 2061 767 2113 et
779 2057 975 2114 exoedentibus'

170 2135 273 2192 modum
289 2135 485 2206 defensionibus,
503 2153 562 2192 oum
579 2135 716 2192 elementis
730 2135 908 2206 eognoseentis
919 2133 965 2190 ob-

147 2213 237 2268 orium
255 2211 457 2284 perielitantibus
474 2213 535 2268 eaor
553 2211 665 2278 Credite,
682 2210 774 2282 optimi
789 2214 824 2278 et,
841 2210 869 2266 in
885 2227 965 2282 qrmn·

170 2291 227 2343 turn
249 2306 314 2360 opus
337 2295 385 2354 est,
410 2286 572 2343 disertissimi
591 2287 649 2355 viri,
666 2286 690 2342 si
707 2289 753 2342 eut
770 2303 817 2342 vos
836 2284 964 2357 prioribus

170 2363 262 2419 seculis
278 2367 324 2419 aut
341 2364 387 2422 isti
402 2381 466 2436 quos
481 2361 602 2420 miremur
616 2363 658 2419 his
673 2361 729 2418 noti
745 2365 840 2427 essent,
858 2378 888 2417 so
900 2359 965 2417 deus

171 2437 261 2508 uliquis
277 2439 344 2494 ritas
360 2455 390 2494 uo
407 2443 494 2494 vestro
507 2444 623 2511 tempore
640 2441 747 2510 repente
764 2438 901 2502 rnutbsset,
917 2453 966 2492 neo

172 2513 243 2568 vobis
255 2531 353 2568 summu
363 2514 407 2568 ills
417 2514 473 2570 leus
485 2517 511 2570 et
523 2515 604 2586 glorie
617 2515 646 2570 in
660 2514 805 2586 eloquentie
820 2531 904 2585 neque
915 2512 965 2569 illis

148 2587 261 2644 emodus
279 2591 306 2644 et
323 2592 553 2658 temperamentum
570 2589 701 2646 defuisset.
737 2589 823 2656 Nune,
846 2587 966 2662 quonism

171 2682 245 2720 uerno
258 2662 346 2720 eodem
358 2667 472 2736 tempore
491 2662 592 2738 esseqni
603 2663 689 2733 potest
700 2661 968 2732 unguentumque
