2096 3038
145 137 191 196 sss
371 118 373 122 ’
479 137 600 194 iscrrr

782 203 932 253 [Mamm

139 270 233 312 moues
252 255 341 311 <lomes
360 257 388 311 et
409 255 494 310 inania
512 255 608 325 templa
628 271 674 326 per
691 253 821 309 lmoiriam
838 253 935 324 janula-

141 332 235 388 bnntur
241 353 249 399 ς
267 336 347 402 utque
358 331 472 387 exereitu
484 332 553 386 vario
565 331 667 402 linguis,
675 329 796 397 moribus,
803 330 846 385 oni
857 330 934 392 eivers

141 409 213 474 soeii,
234 407 333 463 externi
352 407 513 472 interessent,
533 405 638 462 diversor
658 405 798 477 eupidinea
816 408 843 460 et
866 404 936 460 aliud

117 484 234 554 torique
242 483 288 548 lea
296 499 343 538 nae
352 482 488 554 quidquam
497 482 620 538 illinitum
645 483 696 536 Per
703 481 866 552 quatriduum
875 480 935 536 Ore·
1034 533 1037 538 .

141 575 217 614 mona
232 559 343 613 suffeeit.
378 557 445 612 Gum
462 559 547 612 omnia
563 575 635 613 saera
653 557 809 629 prosamque
827 556 855 611 in
874 556 934 627 igne

141 633 307 698 eonsiderent,
320 633 402 688 solum
413 633 511 688 Mefitis
528 634 652 704 templum
668 634 742 688 stetit
758 637 817 689 ante
834 633 933 697 menia,

96 711 134 764 84
142 707 197 764 laon
209 725 255 764 sen
266 710 369 765 numine
380 708 520 764 defensum.
556 711 609 765 Hie
620 709 705 764 exitus
717 709 855 773 Cremona,
868 725 934 762 anno

141 784 314 840 dueentesimo
325 785 480 856 octogesimo
492 789 566 840 sexto
577 803 593 840 a
603 785 741 857 primordio
753 785 800 839 sui.
825 783 935 839 Condita

140 865 196 916 erat
205 861 243 916 ll.
251 861 400 931 Sempronio
411 865 439 916 et
448 860 566 916 Cornelio
578 861 731 917 oonsulibus.
756 861 896 932 Ingruente
907 860 935 915 in

141 937 244 992 Italiam
250 937 402 1003 Hannibale,
412 937 629 1008 propugnaculum
639 937 759 992 adversus
767 936 854 990 Gallos
863 940 934 990 trans

118 1013 240 1068 tPadnm
249 1017 362 1085 agentes
373 1016 400 1068 et
412 1013 434 1068 si
445 1031 496 1084 qua
507 1013 556 1068 alia
565 1014 604 1068 vis
616 1031 662 1084 per
673 1013 752 1084 Alpes
763 1015 856 1066 rueret.
881 1012 935 1082 lgi-

140 1092 185 1145 tnr
201 1105 306 1145 numero
323 1090 476 1154 nolanorum,
494 1090 685 1160 opportunitate
702 1088 842 1155 fluminum,
856 1087 934 1142 ubere

141 1166 204 1236 agri,
216 1184 319 1222 annexu
333 1165 517 1236 oonnubiisqne
534 1165 648 1237 gentium
664 1164 774 1220 adolevit
789 1163 933 1234 floruitque,

119 1241 214 1298 thallis
223 1243 334 1298 externis
343 1242 447 1306 intaeta,
456 1241 573 1297 civilibus
582 1241 676 1297 inielin
701 1241 829 1296 Antonius
838 1239 934 1311 pudore

141 1318 238 1390 flagitii,
252 1318 412 1373 orebeseente
423 1317 525 1382 invidia
534 1317 622 1384 edixit,
631 1335 664 1373 ne
673 1317 730 1388 quis
739 1317 934 1372 Cremonensem

139 1393 272 1464 saptivum
283 1393 415 1448 detineret.
451 1393 605 1464 Imitnmque
617 1393 728 1465 praedam
743 1393 865 1448 militibus
877 1393 934 1447 elie·

142 1471 212 1523 osrat
223 1485 360 1524 eonsensus
372 1468 461 1534 Italia,
476 1469 629 1539 emptionem
645 1470 735 1526 talium
753 1469 934 1540 mancipiorum

142 1544 309 1614 aspemaritis.
354 1543 445 1598 Oooidi
469 1561 574 1614 erepere.
619 1546 698 1605 Quod
720 1545 766 1601 nbi
789 1545 894 1609 enotuit.
919 1562 934 1598 a

118 1619 290 1689 spropinquis
302 1618 468 1689 sffinibmque
484 1620 583 1674 oonulte
601 1621 831 1693 redemptabantur.
869 1621 934 1676 Mox

141 1694 217 1750 rediit
241 1693 392 1748 Cremonam
421 1694 535 1765 reliquus
564 1697 680 1767 populus.
727 1697 852 1767 Reposito
879 1696 934 1751 fora

141 1769 286 1840 templaque
308 1769 480 1825 munifioentia
509 1772 683 1843 munioipum;
712 1777 739 1828 et
762 1772 933 1844 Vespasianus
1046 1817 1047 1826 ,

97 1853 134 1906 85
142 1844 299 1902 hortabatur.
349 1846 478 1902 Caeterum
504 1847 615 1904 assidere
635 1849 741 1920 sepultas
763 1849 834 1904 urbis
854 1848 933 1904 ruinis

141 1922 218 1978 noxia
240 1921 301 1978 tabo
324 1921 417 1978 humus
441 1922 510 1978 hanel
533 1923 577 1979 diu
605 1925 729 1996 permisit.
765 1925 807 1980 Ad
829 1925 934 1988 tertium

141 1997 250 2070 lapidem
270 1999 400 2072 progressi
419 2017 498 2070 vagos
519 2005 692 2072 paventesque
710 2001 868 2066 Vitellianos,
888 2019 935 2056 sun

141 2093 266 2148 quemque
289 2075 358 2146 apud
380 2076 461 2147 signa,
480 2080 643 2147 oompounnt.
679 2078 715 2132 nt
732 2077 806 2132 viotse
822 2077 934 2147 legiones

141 2168 181 2216 no,
200 2156 317 2208 manente
334 2151 417 2208 ndhno
433 2152 503 2208 oivili
519 2151 593 2217 bello,
613 2153 738 2224 ambiguae
757 2157 870 2224 agerent,
889 2171 935 2223 per

119 2226 272 2297 tillprionm
282 2227 409 2298 disperse.
445 2227 479 2282 In
495 2228 654 2283 Britanniam
672 2228 730 2284 inde
748 2233 775 2284 et
793 2229 934 2300 Hispanias

141 2302 244 2357 nuntios
262 2303 411 2373 famamque,
429 2303 457 2358 in
474 2303 580 2360 Galliam
598 2304 696 2360 Julium
713 2304 836 2360 Calenum
853 2304 934 2360 tribu-

141 2393 210 2440 num,
227 2377 256 2430 in
273 2377 432 2432 Germaniam
450 2378 579 2448 Alpinium
601 2379 764 2446 Montanum,
784 2379 934 2452 praeieotum

141 2450 260 2515 eohortis,
282 2451 353 2522 quod
375 2452 417 2507 lrio
438 2453 533 2519 (trevir,
559 2455 669 2511 Calenus
693 2456 801 2522 AElduus,
826 2459 935 2526 uterque
1001 2485 1011 2496 ·
1045 2451 1046 2457 '

118 2524 272 2582 8Vitellinni
296 2526 404 2593 luerent,
434 2530 547 2584 ostentui
569 2531 668 2592 misere.
706 2533 787 2588 Simul
810 2532 934 2586 transitus

142 2599 246 2670 ΑΙρίυηι
257 2599 380 2669 presidiis
391 2603 517 2672 ooenpoti,
529 2613 649 2675 suspecta
660 2608 801 2673 Germanis,
813 2612 935 2677 tanquam

141 2674 303 2730 masuilium
311 2675 410 2732 Vitellii
419 2677 602 2747 aoeingeretnr.
987 2677 989 2682 ’
