2070 3204
31 2 1020 218 „—

86 355 112 394 A.
125 354 151 394 D.
161 353 203 403 m
268 292 522 345 nlsuonlaltust
539 293 560 342 1.
578 292 681 347 'lo-te.
848 296 881 356 fl

85 401 176 460 honori
186 421 220 460 ne
228 403 350 460 Vitellius
359 404 461 476 quidem
471 405 554 462 notor
561 403 715 464 inteeoessit.
752 403 804 460 esd
810 403 903 470 Othtd

85 481 248 551 pontificatus
260 486 451 553 auguratusque
465 481 596 538 honoratis
610 481 663 552 jam
679 479 782 538 senibus
795 498 881 538 numu

84 557 138 614 lum
156 556 288 628 dignitatis
307 557 419 624 addidit3
444 562 489 612 sut
510 576 599 614 reeens
621 557 653 614 ab
664 557 754 614 exsilio
765 575 881 614 reversos

84 633 182 690 nobiles
196 633 400 690 adnleseentulos
416 635 492 690 avitis
509 653 539 690 ae
555 634 669 706 paternis
688 634 836 692 saeerdotiis
853 634 881 693 iu

84 711 203 766 solatium
214 711 329 768 reooluit.
365 711 494 768 Redditus
509 710 589 768 Cadio
605 711 684 776 Rufo,
697 710 777 766 Pedio
788 710 903 784 Blmso‚t

85 787 185 844 Semo
208 787 355 858 Pomptinis
379 788 522 844 senatorius
546 788 626 844 loeus.
669 786 879 858 Repetundarum

84 863 232 919 criminibus
252 864 299 920 sub
315 864 421 921 Claudio
436 883 466 921 ae
482 865 586 922 Nerone
603 864 762 922 oeciderunt:
784 864 880 936 placuit

83 939 275 1011 ignoscentibus
287 959 360 998 verso
372 942 482 1006 nomine,
496 942 565 1012 quod
577 941 685 998 eventia
696 941 787 1010 fueret,
799 941 880 1002 uteru·

83 1017 251 1088 majestatem,
270 1017 342 1088 eujus
354 1021 412 1087 tum
427 1018 486 1074 odio
498 1020 576 1076 etiarn
587 1018 660 1074 bonae
672 1018 741 1090 leges
753 1018 878 1096 peribant,

82 1093 181 1150 Eodem
204 1093 339 1164 largitione
363 1094 496 1150 civitatum
521 1113 622 1167 quoque
642 1113 672 1152 so
693 1095 925 1166 provinienses

83 1171 181 1226 animos
193 1188 337 1241 aggressus,
356 1171 563 1240 Hispuliensibus
580 1175 607 1228 st
621 1170 824 1229 Emeritensibus
841 1172 879 1230 lu·

82 1248 209 1306 miliarum
229 1247 390 1318 adjectiones,
415 1247 576 1320 Lingonibus
600 1247 725 1304 universis
749 1247 878 1304 civitatem

83 1325 234 1390 Romanam
247 1323 383 1395 provincius
394 1324 498 1380 Betiese
510 1325 661 1380 Maurorum
677 1324 794 1385 divitates
812 1324 879 1392 dene

82 1401 170 1468 dedit;
188 1419 254 1458 nova
275 1400 334 1472 jure
358 1400 531 1472 Cappadocis,
555 1419 623 1459 nova
644 1400 747 1466 Abies,
778 1403 880 1464 ostentu

81 1479 165 1549 magis
184 1496 259 1548 quam
273 1495 399 1534 mansure.
437 1477 511 1532 Inter
527 1495 592 1547 qne,
604 1477 758 1534 nenessitate
769 1486 900 1548 presente

81 1555 149 1610 tium
160 1572 243 1610 rerum
257 1557 285 1610 et
294 1552 449 1612 instantibus
458 1553 525 1608 euris
533 1557 661 1620 exoussta,
671 1571 704 1610 ne
711 1557 767 1608 tum
777 1552 878 1624 quidem

81 1631 214 1686 immemor
234 1647 357 1695 anorum,
380 1633 479 1684 statues
498 1631 615 1701 Poppaeo
633 1648 679 1702 per
696 1633 800 1688 senatus
818 1647 878 1688 eon·

82 1707 179 1766 uultum
202 1707 324 1778 reposuit
366 1705 486 1764 Creditus
510 1710 550 1762 est
574 1707 651 1764 etism
674 1709 706 1762 de
729 1705 900 1764 eelebrundut

81 1783 194 1840 Neronis
206 1783 327 1841 memoria
338 1782 483 1854 agitavisse,
496 1801 541 1854 spe
553 1783 658 1854 uulgum
672 1782 804 1841 distendi.
841 1782 877 1843 ut

81 1859 154 1916 fuere
169 1859 213 1930 qui
230 1859 354 1930 imagines
370 1859 482 1916 Neronis
497 1864 668 1931 proponerent
676 1882 685 1926 3
704 1863 782 1930 atqus
799 1858 877 1924 etiam

81 1935 180 1992 Othoni
198 1935 350 2006 quibusdam
370 1934 459 1992 diebus
480 1935 589 2006 populus
610 1938 637 1990 et
655 1934 736 2000 miles,
754 1938 877 2005 tanquam

45 2070 49 2076 ,
80 2011 241 2070 nobilitatem
253 2029 282 2066 ss
294 2011 373 2068 deeus
385 2011 555 2079 adstruerent,
568 2017 583 2043 ‘⁴
594 2011 693 2068 Neroni
704 2011 825 2078 Othoni,”
837 2028 877 2068 se·

81 2087 209 2144 obmnvit.
243 2087 304 2158 Ipse
322 2087 350 2142 iu
368 2105 494 2158 suspenso
515 2088 607 2154 tenuit,
626 2087 729 2144 vetandi
748 2091 821 2147 metu
835 2087 899 2149 sels
1001 2117 1002 2122 κ

81 2160 236 2232 agnosesndi
247 2163 351 2232 pudore.

118 2236 254 2292 Conversis
266 2238 299 2294 sd
316 2237 389 2295 uirile
404 2237 499 2292 bellum
516 2237 607 2295 animis
623 2241 730 2295 externa
744 2237 799 2297 sine
815 2235 921 2304 tamid

80 2313 248 2372 habebantur.
283 2313 323 2370 llo
340 2311 476 2368 audentius
488 2312 640 2378 Rhoxolani,
654 2312 793 2374 Sarmatina
804 2331 876 2385 gens,

80 2391 166 2462 priore
185 2390 269 2448 hieme
287 2389 360 2450 ensis
380 2387 479 2446 duabus
499 2388 656 2454 eohortibus,
675 2407 768 2462 magna
784 2407 830 2461 spe
843 2389 876 2454 ad

79 2465 200 2528 Moesiam
219 2466 372 2540 irruperant,
392 2483 483 2530 noveru
499 2465 578 2522 millia
592 2466 715 2538 equitum,
731 2484 765 2524 ex
781 2466 876 2531 torosis

79 2547 107 2604 et
118 2561 240 2602 sneesssn
250 2543 343 2618 preda
355 2543 436 2615 magis
448 2561 525 2615 quem
536 2561 629 2616 pugne
645 2545 752 2600 intents.
789 2544 897 2617 Igitusa

78 2621 342 2692 regosetinenriosos
349 2620 642 2694 energuminum
651 2622 875 2694 auxiliis‚repente

77 2696 180 2755 invasit.
216 2698 294 2769 Apud
305 2699 435 2758 nonaum
450 2698 537 2757 omnia
554 2698 640 2770 prelio
657 2702 732 2771 apta:
751 2699 897 2764 Sumatur

77 2773 187 2844 dispersi
198 2778 244 2830 snt
255 2775 373 2847 cupidine
385 2773 476 2846 prede
486 2793 578 2847 graves
590 2793 666 2835 onere
676 2775 837 2840 moinum,
845 2776 874 2832 et

76 2849 177 2910 lubrtee
193 2850 316 2916 itinerum
335 2850 599 2923 numentanorum
622 2851 781 2923 pemidbts
802 2849 874 2915 retus
