2104 3022
286 141 334 188 DE
353 139 579 188 ORATORIBUS
598 141 636 199 sl,
649 143 688 188 32.
839 143 887 191 sle

95 249 231 305 formamus
246 265 329 320 nequa
347 249 490 304 Stoicorum
502 249 521 320 †
536 252 617 304 artem
633 251 749 321 (repon),
763 249 808 306 sed
819 269 885 317 eum,

95 327 139 397 qui
150 324 270 397 quasdem
282 328 349 380 artes
366 325 475 390 haurire,
492 343 579 380 omnes
597 325 675 380 libare
692 325 775 381 debet.
811 327 887 382 ideo-

95 419 143 473 que
164 405 190 456 et
199 401 264 472 juris
282 401 361 456 civilis
378 401 509 456 scientiam
527 405 626 457 veteres
643 405 756 456 oratores
773 419 887 474 compre·

94 477 245 542 hendebant,
263 479 290 532 et
307 477 477 547 grammatice,
497 477 592 532 musice
613 481 639 532 et
663 478 816 548 geometrice
839 479 887 533 im-

94 552 245 608 buebantur.
281 553 402 607 Incidunt
420 553 487 608 enim
505 571 588 608 caussa
606 553 721 622 plmimoe
739 553 840 624 quidem
856 566 910 612 ecs

93 647 164 700 paene
182 647 268 683 omnes
284 627 376 700 quibus
389 629 455 698 juris
473 629 566 683 notitia
581 628 747 695 desideratur,
760 629 886 702 pleraeque

93 709 177 760 autem
189 705 319 776 inquibus
332 705 385 760 hsee
397 705 503 760 scientis
514 705 659 776 requiritur.

128 781 207 836 “Nec
224 781 357 852 quisquam
377 781 536 850 respondeat,
553 781 668 836 sufficere
685 785 715 836 ut
734 780 766 835 ad
783 785 884 854 tempus
895 785 933 840 32

93 857 198 928 simplex
211 857 330 928 quiddam
342 860 368 912 et
380 857 505 912 uniforme
517 855 658 911 doceamur.
690 857 806 911 Primum
818 860 884 913 enirn

93 933 166 988 aliter
180 934 278 988 utimur
293 933 409 1004 propriis,
427 932 501 986 aliter
519 931 692 996 commodetis,
709 932 835 1002 longeque
846 935 885 988 in-

91 1013 188 1064 teresse
204 1009 366 1064 manifestum
384 1013 431 1074 est,
448 1007 577 1079 possideat
589 1007 645 1078 quis
661 1026 717 1078 quae
730 1008 839 1077 profert,
852 1027 884 1064 un

4 1117 5 1134 r
91 1089 231 1141 mutuetur.
262 1085 361 1140 Deinde
370 1082 426 1154 ipsa
438 1085 574 1139 multarum
583 1083 676 1138 artium
689 1083 795 1138 scicntia
806 1085 884 1139 etium

92 1161 161 1216 aliud
184 1165 288 1234 agentes
312 1179 358 1216 nos
382 1164 464 1225 ornat,
489 1169 572 1230 atque,
597 1159 643 1214 ubi
665 1159 766 1212 minime
786 1159 881 1226 credas,

92 1239 185 1294 eminet
198 1243 224 1294 et
236 1238 343 1294 excellit.
380 1237 462 1308 quue
473 1255 525 1290 non
539 1236 629 1291 doctus
646 1235 720 1290 modo
732 1239 759 1290 et
771 1236 909 1306 prodesse

92 1315 193 1370 auditor
205 1315 250 1370 aed
264 1315 341 1370 etium
356 1314 464 1384 populus
482 1312 602 1382 intelligit
621 1330 650 1367 sc
662 1311 749 1366 statim
760 1311 797 1366 ita
808 1312 883 1368 leude

92 1393 261 1463 prosequitur,
280 1395 310 1446 ut
330 1390 443 1462 legitime
463 1388 600 1456 studuisse,
616 1392 647 1442 ut
661 1406 707 1458 per
725 1405 812 1442 omnes
831 1389 883 1443 elo-

92 1468 202 1539 quentiae
218 1485 335 1522 numerus
350 1467 409 1532 isse,
421 1469 451 1520 ut
467 1465 575 1536 denique
593 1468 718 1518 oratorem
736 1481 791 1518 esse
803 1464 883 1519 latea-

91 1548 152 1610 tur;
177 1563 252 1616 quem
275 1561 327 1598 uon
349 1561 425 1615 posse
449 1541 522 1596 aliter
542 1541 665 1596 exsistere
686 1557 733 1596 nec
753 1541 882 1596 exstitisse

4 1647 5 1664 2
90 1639 202 1692 unquam
225 1621 353 1686 confirmo,
377 1620 427 1675 nisi
451 1637 516 1684 eum,
542 1618 592 1690 qui,
616 1621 737 1689 tanquam
757 1617 785 1672 in
803 1620 883 1674 aciem

90 1697 206 1752 omnibus
219 1698 295 1752 armis
307 1698 455 1761 instructus,
469 1694 640 1750 siciniorum
656 1694 772 1750 omnibus
785 1695 882 1750 artibus

90 1775 202 1826 armatus
214 1774 311 1828 exierit.
348 1772 425 1832 Quod
443 1771 506 1825 adeo
523 1771 663 1842 negligitur
674 1771 706 1826 ab
719 1771 808 1825 horum
820 1775 906 1833 tem-3

88 1853 179 1918 porum
198 1847 307 1912 disertis,
329 1856 359 1900 ut
378 1848 406 1900 in
426 1845 567 1900 actionibus
589 1865 676 1900 eorum
690 1845 708 1914 †
722 1846 760 1899 vis
779 1848 882 1914 (airas)

4 1937 5 1942 ’
90 1941 190 1996 quoque
214 1922 354 1994 quotidiani
377 1921 506 1986 sermonis,
530 1920 598 1974 loeda
621 1939 650 1975 ac
674 1919 792 1990 pudenda
818 1921 882 1976 vitia

89 1999 329 2072 deprehendantur3
346 2001 376 2052 ut
392 1997 509 2066 ignorent
526 1995 604 2067 leges,
623 2014 676 2050 non
690 1999 794 2050 teneant
810 2015 881 2052 senu-

89 2083 132 2134 tus
156 2077 279 2142 consulta,
298 2076 341 2146 jus
360 2072 470 2129 civitatis
494 2071 571 2126 ultro.
586 2072 724 2138 derideant,
750 2072 881 2143 supientiae

4 2165 6 2214 t
89 2173 150 2211 vero
169 2153 283 2209 studium
303 2156 330 2207 et
348 2153 476 2222 precepta
494 2148 658 2220 prudentium
679 2149 781 2220 penitus
801 2149 882 2204 refor-

89 2231 194 2299 mident,
213 2231 240 2285 in
259 2229 423 2301 paucissimos
444 2244 533 2281 sensus
554 2229 580 2281 et
599 2229 720 2297 augustas
741 2226 880 2281 sententias

89 2308 227 2364 detrudant
247 2306 416 2377 eloquentium
432 2303 503 2359 velut
524 2303 656 2374 expulsum
674 2320 752 2374 regno
770 2320 832 2368 suo;
850 2307 881 2358 ut

90 2403 146 2456 quar
158 2384 218 2438 olim
230 2383 341 2438 omnium
354 2381 447 2436 artium
459 2381 559 2434 domins
575 2379 743 2450 pulcherrimo
759 2379 882 2435 comitatu

88 2464 193 2532 pectora
210 2459 340 2530 implebat,
360 2475 428 2512 nuno
449 2457 597 2512 circumcisa
617 2459 643 2512 et
664 2459 802 2526 amputata,
827 2456 882 2512 sine

89 2541 219 2608 apparatu,
239 2537 293 2590 sine
310 2535 412 2598 honore,
431 2551 503 2605 paene
521 2533 627 2588 dixerim
645 2532 699 2587 sine
714 2533 881 2604 ingenuitate,

89 2613 162 2684 quasi
184 2631 236 2666 una
259 2630 293 2666 ex
316 2609 494 2666 sordidissimis
518 2609 631 2664 artificiis
655 2609 775 2665 discatur.
811 2609 907 2682 Ergos

88 2690 155 2746 hunc
176 2689 282 2760 primam
306 2693 334 2743 et
356 2687 508 2758 precipuum
528 2703 630 2743 causam
654 2686 762 2742 arbitror
785 2703 831 2741 cur
853 2685 881 2742 in
