2104 3022
274 143 324 192 DE
342 143 569 193 ORATORIBUS
587 147 624 205 2⁰,
638 147 678 194 21.
826 151 875 198 308

79 256 123 312 vix
139 255 167 311 in
184 273 236 312 una
256 259 283 311 et
304 257 384 312 ultera
403 256 561 312 oratiuncula
580 257 713 314 satisfacit.
749 258 806 314 Neo
823 259 899 316 dis-²

80 333 174 389 sentire
186 336 292 388 caeteros
304 333 335 388 ab
347 333 395 388 hoc
410 351 467 388 meo
480 333 576 404 judicio
588 333 677 388 video:
697 338 790 406 quotus
806 335 875 390 enim

80 410 186 481 quisquc
210 409 280 464 (lalvi
302 410 330 464 in
352 409 464 464 Asitium
485 413 531 464 aut
554 410 582 464 in
603 410 717 464 Drusum
736 411 819 482 legit?
838 413 875 466 nt

80 486 182 541 hercule
204 486 232 540 in
254 486 385 541 hominum
408 485 579 540 studiosorum
604 486 720 542 manibus
740 491 875 543 versantur

81 563 253 617 accusationes
277 580 333 633 qua
355 563 384 616 in
404 562 537 616 Vatinium
558 563 739 628 inscribuntur,
762 581 791 618 ao
811 583 875 635 praa·

81 639 154 710 cipue
174 638 285 694 secundu
303 657 335 694 ex
353 638 384 693 iis
404 639 493 693 oratio.
529 639 579 694 Est
598 640 666 694 enim
684 640 766 695 verbis
786 644 899 702 ornatas

81 720 107 770 et
126 715 267 780 sententiis,
286 715 389 770 auribus
407 714 523 786 judicum
541 719 738 782 accommodata,
759 721 790 772 nt
810 719 876 773 scias

80 791 165 860 ipsum
184 809 285 862 quoque
303 791 409 846 Calvum
426 791 585 846 intellexisse
606 792 668 863 quid
688 793 778 848 melius
799 798 875 859 esset,

81 885 128 922 nec
152 868 307 924 voluntatem
328 869 359 933 ei,
381 885 432 938 quo
453 867 588 922 sublimius
610 873 636 922 et
657 869 751 924 cultius
773 869 876 938 diceret,

82 944 126 998 aed
148 945 278 1016 ingenium
301 963 331 999 ac
354 944 420 999 uires
444 942 564 998 defuisse.
608 943 678 1003 Quid
702 963 734 998 ex
758 945 902 1002 cemma

82 1020 257 1076 orationibus?
283 1021 384 1090 Nempe
404 1038 441 1074 ese
460 1019 569 1090 placent,
592 1020 645 1075 sive
669 1020 800 1086 universae,
823 1021 876 1076 aive

82 1100 167 1167 partes
183 1115 278 1162 aarum,
295 1095 427 1167 inquibus
444 1095 554 1150 nitorem
571 1099 597 1150 et
610 1095 770 1151 altitudinem
785 1097 877 1152 horum

81 1177 224 1244 temporum
233 1173 401 1244 agnoscimus.
437 1171 529 1226 Sordes
540 1172 681 1241 verborum,
690 1177 717 1228 et
727 1173 798 1228 hians
811 1192 877 1230 ccm-

82 1249 182 1320 positio,
200 1253 226 1304 et
242 1249 365 1304 inconditi
383 1266 472 1303 sensus
489 1248 605 1304 redolent
616 1250 811 1320 antiquitatem
829 1267 877 1306 nco

7 1383 8 1400 χ
83 1343 233 1396 quemquam
254 1325 316 1380 adeo
337 1324 508 1396 antiquarium
528 1329 599 1396 puto,
618 1332 649 1380 ut
670 1325 775 1380 Caelium
794 1344 826 1380 ex
846 1343 876 1381 ea

84 1406 155 1471 parte
175 1401 261 1456 laudet
281 1420 333 1473 qua
353 1401 472 1472 antiquus
491 1404 539 1455 est.
575 1400 747 1457 Concedamus
768 1419 828 1457 sane
847 1403 901 1462 us

83 1477 185 1542 (leuari,
204 1482 234 1533 ut
252 1482 357 1549 propter
373 1477 575 1548 magnitudinem
592 1477 776 1548 cogitationum
790 1481 817 1533 et
835 1495 877 1534 oc·

83 1555 233 1625 cupaticnes
253 1573 339 1610 rerum
360 1555 444 1609 minus
464 1554 492 1609 in
512 1553 656 1624 eloquentia
672 1554 784 1610 effecerit
801 1573 876 1627 quam

83 1629 195 1686 divinum
216 1632 271 1702 ejus
289 1631 420 1702 ingenium
438 1630 600 1701 postulabat3
618 1635 673 1686 tam
693 1632 784 1697 hercle,
803 1650 877 1704 quam

82 1706 193 1762 Brutum
213 1707 378 1778 philosophie
401 1725 454 1762 auae
477 1707 664 1780 relinquamus:
691 1726 750 1762 nam
773 1709 800 1762 in
823 1726 879 1764 ora·

82 1784 194 1840 tionibus
217 1785 340 1840 minorem
363 1803 419 1840 esse
443 1784 511 1839 lama
538 1801 586 1839 sua
608 1786 685 1839 etiam
713 1785 877 1840 admiratores

86 1863 142 1929 ejus
162 1860 284 1916 latentur.
320 1861 380 1917 Nisi
400 1861 467 1915 forte
486 1861 618 1931 quisquam
640 1864 685 1914 aut
705 1861 810 1914 Caesaris
830 1878 900 1930 prce

82 1937 166 1991 Decio
189 1937 303 1992 Samnite
321 1940 366 1991 aut
385 1937 461 1991 Bruti
478 1953 524 2006 pro
542 1936 663 1990 Deiotaro
681 1953 741 2005 rege
759 1941 876 1990 caeteros-

83 2031 132 2083 que
151 2012 264 2082 ejusdcm
276 2012 435 2068 lentitudinis
453 2030 482 2067 ac
498 2011 593 2082 teporis
610 2011 687 2066 libros
703 2011 773 2082 legit,
791 2011 809 2080 †
825 2011 876 2067 nisi

82 2090 127 2160 qui
153 2093 180 2144 et
205 2091 316 2145 earmina
343 2088 479 2146 eorundem
507 2089 621 2142 miratur.
657 2087 784 2142 Fecerunt
806 2087 875 2142 enim

82 2168 109 2219 et
126 2165 237 2238 carmina
257 2169 284 2221 et
304 2165 332 2220 in
354 2165 519 2221 bibliothecas
542 2163 693 2228 retulerunt,
711 2181 763 2217 non
784 2162 874 2219 melius

82 2259 156 2312 quarn
172 2241 268 2309 Cicero,
287 2241 332 2298 sed
352 2242 458 2307 felicius,
478 2242 537 2312 quia
557 2241 613 2296 illos
632 2239 722 2296 fecisse
742 2239 899 2310 pauciorasp

81 2317 173 2373 sciunt.
209 2319 314 2374 Asinius
326 2336 434 2389 quoquc,
448 2335 590 2388 quanquam
608 2315 766 2388 propioribus
778 2320 874 2387 tempo-

81 2394 152 2449 ribus
172 2398 248 2450 natus
268 2396 309 2462 sit,
328 2394 429 2450 videtur
448 2395 510 2448 mihi
530 2395 597 2448 inter
621 2393 753 2448 Menenios
776 2396 803 2447 et
821 2395 876 2465 Ap-

81 2470 138 2540 pios
161 2471 298 2528 studuisse.
334 2471 474 2526 Pacuvium
496 2474 565 2525 certa
584 2473 610 2524 et
631 2469 739 2524 Accium
758 2487 811 2524 non
832 2487 874 2524 sc-

80 2545 134 2600 lum
154 2547 284 2619 tragoediis
308 2547 354 2603 sed
376 2548 453 2603 etiam
476 2545 633 2601 orationibus
658 2546 711 2601 suis
734 2547 899 2616 expressitzs

81 2622 144 2678 adeo
157 2624 236 2679 durus
254 2628 280 2680 et
297 2625 379 2680 siccus
396 2627 444 2682 est.
479 2624 570 2678 Oratio
589 2626 683 2690 autem,
698 2623 764 2678 sicut
782 2639 875 2692 corpus

80 2699 198 2767 bominis,
218 2700 367 2757 eudemum
391 2700 497 2771 pulchra
514 2704 562 2765 est,
581 2700 608 2754 in
626 2717 677 2770 qua
694 2717 745 2754 uon
763 2698 875 2753 eminent
