2070 3204
160 135 192 182 80
459 123 461 128 ’
510 129 632 178 raom

794 188 830 238 [r.
841 188 868 227 o.
880 189 903 227 c.
913 188 960 228 saa

137 244 274 315 agionum,
299 241 405 298 Alienus
424 241 525 298 (lacius
541 245 568 296 et
586 240 681 296 Fabius
699 237 812 303 Valens;
831 256 846 292 e
864 237 961 308 quibus

162 321 258 375 Valens
270 319 385 374 infensus
398 318 484 374 Galba
496 323 618 388 tauquam
634 317 761 372 detectam
774 333 789 368 a
801 333 828 369 se
839 314 963 384 Verginii

163 397 358 461 cunctationem,
372 414 493 466 oppressa
505 393 637 465 Capitonis
655 391 761 448 consilia
771 391 873 462 ingrate
885 391 962 444 tulis

164 479 211 539 set,
232 473 353 543 instigare
377 471 518 536 Vitellium,
544 470 659 524 ardorem
683 469 793 522 militum
817 471 961 522 ostentans.

140 549 253 619 prsum
262 549 355 604 celebri
366 547 461 618 ubique
474 547 548 614 ferna,
560 545 655 600 nullam
667 545 695 600 iu
706 545 797 599 Flacco
809 543 962 598 Hordeonio

164 643 275 691 moram;
294 625 372 679 affore
383 624 550 688 Britanniam,
562 626 682 699 secutura
692 623 874 676 Germanorum
887 620 963 675 auni-

164 701 216 766 lia;
234 701 298 756 male
321 700 384 756 fidas
408 700 559 770 provincias,
585 698 727 770 precarium
752 696 808 752 seui
825 695 963 766 imperium

143 782 191 845 7et
212 777 283 831 brevi
303 776 477 832 transiturum.
514 775 641 830 Panderet
662 773 737 828 modo
749 774 833 828 sinum
853 776 879 826 et
892 772 963 826 reni-

165 853 220 908 enti
230 853 351 907 Fortuna
363 855 514 907 occurreret.
550 851 647 906 Merito
660 849 790 905 dubitasse
810 848 963 920 Verginium

166 929 279 999 equestri
296 928 397 992 familie,
416 928 506 999 ignoto
526 932 607 998 patre,
627 927 757 998 imparem,
778 926 801 981 si
822 925 962 996 recepisset

143 1005 306 1074 simpertum,
328 1008 422 1069 tutum,
447 1005 470 1059 si
490 1008 640 1060 recusasset.
676 1003 783 1058 Vitellio
806 1005 859 1056 tres
878 1001 962 1072 patris

166 1081 465 1148 consulatusceusuram,
475 1075 719 1152 collegirunOmsaris
727 1083 754 1134 et
763 1079 891 1150 imponere
896 1079 962 1149 jam·

167 1158 264 1229 pridem
287 1158 447 1230 imperatoris
475 1157 648 1228 dignationem
678 1160 704 1212 et
733 1156 832 1210 auferre
866 1156 963 1226 privati

120 1243 157 1297 53
168 1236 340 1290 securitatem.
378 1233 550 1294 Quatiebatur
561 1234 601 1288 his
614 1251 692 1304 segne
704 1233 842 1304 ingenium,
854 1236 885 1286 ut
901 1249 962 1287 oon·

167 1312 308 1380 cupisceret
326 1311 407 1380 magis
426 1329 502 1380 quam
519 1314 550 1364 ut
568 1313 688 1380 speraret.
725 1311 761 1365 At
779 1309 807 1363 in
830 1308 962 1379 superiore

168 1387 304 1440 Germania
316 1387 417 1440 Caecina
429 1386 519 1441 decora
529 1387 643 1458 juventa,
657 1404 762 1456 corpore
774 1386 871 1456 ingens,
883 1385 962 1442 animi

167 1462 324 1529 immodicus,
337 1463 402 1518 scito
415 1480 536 1527 sermone,
550 1467 635 1518 erecto
644 1463 745 1517 incessu
754 1461 839 1517 studia
850 1461 961 1517 militum

144 1537 290 1598 2illererat.
326 1539 405 1592 Hunc
415 1538 534 1609 juvenem
547 1539 633 1604 Galba,
652 1543 803 1609 quaestorem
815 1538 843 1592 in
854 1539 959 1604 Baetica,

167 1614 274 1685 impigre
286 1615 313 1668 in
325 1618 410 1685 partes
423 1633 481 1670 suas
494 1620 682 1686 transgressum
697 1615 792 1686 legioni
803 1615 960 1686 preposuit3

167 1709 228 1744 mcx
248 1695 405 1761 compertum
429 1690 554 1761 publicam
572 1693 704 1762 pecuniam
723 1692 852 1758 avertisse,
869 1695 900 1746 ut
918 1709 962 1762 pe·

145 1767 307 1824 conlatorem
318 1767 427 1838 flagitari
436 1767 524 1836 jussit.
561 1768 662 1822 Caecina
674 1787 741 1839 segre
751 1787 841 1838 passus
853 1767 961 1822 miscere
1026 1797 1027 1838 3

168 1847 261 1898 cuncta
280 1847 307 1898 et
327 1843 427 1914 privata
448 1842 552 1898 vulnera
574 1843 612 1898 rei
635 1844 741 1914 publicae
766 1845 838 1898 malis
861 1845 961 1914 operire
1026 1841 1027 1880 l

144 1920 266 1976 astatur.
304 1919 361 1974 Nec
384 1919 488 1974 deerant
512 1918 539 1972 in
562 1921 677 1974 exercitu
700 1921 797 1974 semina
820 1919 959 1985 d'ncordiae,
1026 1943 1027 1952 2

167 1995 236 2068 qnod
254 1999 280 2050 et
298 1995 364 2050 bello
383 1995 503 2050 adversus
528 1994 662 2050 Vindicem
686 1996 832 2058 universus,
844 1995 959 2062 nffirerat,

166 2091 213 2129 nec
231 2073 280 2128 nisi
296 2073 379 2128 occiso
397 2072 501 2127 Nerone
518 2071 658 2126 translatus
674 2071 702 2124 in
714 2071 827 2138 Galbam,
845 2076 921 2142 etque
933 2072 961 2127 in
1026 2109 1027 2152 i

165 2168 197 2204 co
215 2151 271 2220 ipsc
290 2153 448 2204 sacramento
467 2148 564 2202 vexillis
583 2147 710 2201 inferioris
735 2148 875 2202 Germania
898 2167 960 2218 prra-
1026 2155 1027 2188 ἓ

142 2230 259 2286 eventus
277 2230 340 2280 erat.
377 2225 412 2280 Et
431 2224 534 2280 Treveri
552 2242 581 2278 ao
598 2223 737 2294 Lingones,
762 2242 875 2294 quasque
899 2223 960 2279 elias

167 2301 283 2355 civitates
308 2301 436 2355 atrocibus
460 2299 550 2354 edictis
574 2304 619 2354 aut
644 2300 735 2356 damno
764 2300 852 2354 finium
881 2300 961 2356 Galba

165 2376 317 2445 perculerat,
331 2375 443 2430 hibernis
454 2375 583 2445 legionum
595 2377 700 2446 propius
717 2377 874 2442 miscentur;
892 2377 960 2432 uude

166 2450 288 2505 seditiosa
308 2451 440 2520 colloquia,
460 2456 486 2504 et
504 2451 571 2504 inter
589 2471 701 2522 paganos
719 2454 862 2523 corruptior
879 2453 959 2518 miles,

118 2535 156 2588 54
166 2533 192 2582 et
204 2527 231 2580 in
242 2527 394 2596 Verginium
412 2526 483 2581 favor
499 2527 640 2598 cuicunque
657 2529 699 2582 alii
714 2531 873 2598 profuturus.
909 2529 960 2583 Mi-

165 2607 233 2658 serat
262 2603 351 2658 civitas
374 2603 520 2673 Lingonum
547 2608 633 2658 vetere
657 2605 777 2658 instituto
801 2605 867 2659 dona
883 2605 960 2674 legio-
1026 2639 1027 2672 ι

140 2679 247 2745 2nibus,
272 2679 383 2745 dextras,
413 2679 519 2750 hospitii
545 2679 653 2750 insigne.
698 2681 792 2751 Legati
818 2699 905 2736 eorum
932 2681 960 2736 in
1026 2715 1027 2772 l
