2070 3204
153 115 188 166 ὓ
495 109 618 162 neom

154 221 468 357 musmones.
506 170 957 292 nsunsenuoqdisliiiii

107 384 156 442 60.
190 376 305 432 Preerat
322 371 466 430 Trebellius
478 373 617 440 Maximus,
630 390 676 445 per
688 372 821 428 araritism
836 390 866 430 ao
881 373 956 430 sorde

156 454 320 522 oontemptus
327 449 451 506 exeroitni
462 449 618 521 invisusque.
632 449 795 506 Aooendebat
803 448 890 506 odium
899 449 956 520 ejus

156 527 268 584 Roscius
283 527 378 582 (lelius
396 526 497 596 legatos
508 525 635 582 vioesimae
646 525 761 597 legionis,
773 525 834 582 olim
849 525 955 592 dbeors,

157 603 204 660 md
226 603 358 660 nemsione
381 602 494 658 oivilium
514 619 641 658 armornm
661 601 773 658 atrocius
796 605 956 673 proruperat.

134 679 300 737 tlbebellius
321 679 472 736 seditionem
489 682 516 734 et
534 678 668 736 eoniusnm
685 677 800 734 ordinem
817 677 957 748 disciplina

160 757 246 822 (lelio,
271 755 393 828 spoliutss
416 758 444 810 et
467 754 556 826 inopes
579 754 692 826 legiones
714 754 808 810 Cselius
831 753 958 812 Trebellio

158 831 312 904 objectabat,
329 849 387 888 oum
399 831 503 888 interim
514 830 589 888 loedis
609 829 753 902 legatorum
773 831 957 888 eertminibus

158 908 286 964 modestia
296 907 424 964 exereitus
436 911 565 978 oorrnptn
577 924 658 978 eoque
667 906 800 963 disoordise
808 910 916 964 ventum
926 911 959 968 ut

159 984 320 1040 auxiliarium
332 985 434 1054 quoque
452 983 563 1040 militum
586 982 707 1039 eonvioiis
730 983 906 1053 proturbatus,
930 987 960 1040 et

160 1059 360 1134 aggregantibus
383 1077 411 1116 se
435 1059 514 1116 Coelio
537 1058 685 1114 oobortibus
709 1057 813 1129 absque,
840 1058 960 1118 desertus

136 1137 301 1196 eTrebellius
321 1135 355 1192 ed
373 1135 508 1190 Vitellium
528 1134 678 1206 perfugerit.
715 1133 797 1193 Quies
820 1135 961 1205 provinciis

161 1231 306 1286 quenquam
324 1214 422 1266 remoto
440 1210 567 1267 oonsulari
583 1209 693 1266 mensitz
717 1227 806 1266 rexere
823 1210 906 1282 legati
922 1211 962 1268 le-
1011 1213 1012 1230 ¹

116 1371 151 1427 ω
161 1285 843 1436 ψὲἓᾙὲᾚέᾃίἒῗῐᾚὲὲῗὴ,
855 1365 963 1436 sss

178 1459 212 1496 ue
225 1385 347 1496 ilitellius
364 1439 428 1494 duos
444 1440 529 1508 duom,
549 1441 600 1497 duo
619 1441 713 1496 itinera
729 1440 795 1498 bello
812 1440 962 1502 destinarit.

161 1461 256 1574 inbias
265 1516 361 1572 Valens
373 1516 482 1585 allioere,
492 1519 541 1584 vel,
552 1518 575 1574 si
586 1517 734 1584 abnuerent
746 1521 845 1574 vastare
854 1519 963 1587 Gelbes,
1012 1512 1013 1526 ¹

162 1598 191 1651 et
202 1593 330 1650 Cottianis
342 1591 450 1664 Alpibus
462 1594 565 1650 Italiam
576 1593 724 1666 irrumpere,
732 1593 833 1650 Genios
841 1596 965 1666 propiore

140 1670 282 1736 abamita,
293 1669 405 1725 Poeninis
414 1669 484 1741 jugie
492 1669 597 1742 degredi
605 1671 701 1742 jussus.
720 1670 824 1726 Valenti
832 1670 964 1730 inierimis

164 1746 292 1804 exereitus
301 1745 384 1808 electi,
393 1763 450 1801 eum
461 1746 545 1818 equile
553 1747 649 1818 quinte
658 1746 766 1818 legionis
773 1750 800 1802 et
811 1747 964 1804 oobnrtibns

164 1823 268 1914 alisque,
282 1821 315 1878 ed
326 1821 495 1894 quadraginta
505 1823 584 1878 millia
595 1826 749 1878 ornatorum
762 1822 822 1879 date
832 1843 839 1889 ς
851 1824 966 1896 triginta

143 1897 243 1974 „millis
261 1898 363 1958 cocina
380 1917 395 1955 e
414 1899 544 1971 superiore
564 1900 700 1956 Germania
717 1899 833 1966 duoebat,
851 1918 966 1970 quorum

141 1975 243 2036 tmbur
253 1975 321 2050 legio
332 1993 391 2043 una,
404 1975 486 2048 prime
497 1980 524 2032 et
536 1975 664 2044 yioesimn
678 1975 735 2032 fnit.
748 1976 846 2032 Addita
856 1977 966 2048 utrique

166 2053 351 2112 Germenmnm
374 2053 476 2121 tuniba
493 2070 509 2108 e
530 2051 622 2124 quibus
639 2051 760 2108 Vitellius
779 2070 838 2108 suas
858 2070 967 2124 quoqne

120 2124 157 2182 62
166 2132 250 2204 oopies
262 2129 398 2203 supplevit,
411 2133 469 2186 tots
483 2127 550 2184 mole
562 2127 622 2184 belli
637 2127 792 2184 secuturae
811 2127 881 2182 Mire
892 2129 966 2186 inter

165 2205 305 2262 exereitum
325 2207 556 2277 imperatoremque
579 2204 721 2260 diversitos.
756 2204 859 2260 Instare
877 2204 965 2272 miles,

166 2297 237 2334 arma
254 2299 366 2350 posoere,
389 2279 451 2336 dum
475 2281 563 2338 Gallie
586 2281 723 2353 trepident,
743 2280 804 2336 dum
827 2281 968 2353 Hispeniae

143 2357 328 2412 ieunotentur.
364 2356 427 2410 Non
438 2356 539 2412 obstare
551 2357 659 2414 hiemem
671 2376 754 2429 neque
774 2359 872 2431 igneve
889 2362 968 2430 paois

166 2447 258 2496 mores.
294 2429 467 2488 invadendam
479 2433 588 2500 Italiam,
601 2435 773 2507 oooupandam
785 2435 881 2492 urbem.
914 2436 968 2492 Ni·

166 2500 204 2564 hil
215 2506 243 2562 in
254 2505 386 2562 disoordiis
398 2507 513 2565 civilibus
534 2510 697 2568 festinatione
717 2513 809 2578 tutius,
829 2513 874 2568 ubi
891 2512 968 2570 teoto

144 2583 249 2656 smmis
261 2601 337 2656 quom
350 2585 468 2640 oonsnlto
486 2604 551 2656 opus
572 2594 649 2642 esset.
684 2588 812 2657 'l'orpebet
832 2589 968 2656 Vitellius,

168 2663 196 2716 et
209 2659 339 2714 fortunam
350 2659 508 2730 prinoipatus
528 2659 687 2720 inertiluxu
707 2680 737 2717 ao
751 2663 864 2734 prodigis
880 2664 972 2734 epulis.

169 2733 347 2812 presumebat,
363 2733 448 2790 medio
468 2731 519 2789 diei
539 2733 694 2790 tenutdentus
714 2741 741 2790 et
762 2739 850 2808 sagina
869 2741 968 2810 gravis,
