2086 3026
83 208 103 246 Δ
121 207 140 247 n
156 208 198 258 w]
261 143 514 195 HISTORIARUM
531 145 576 195 lv.
593 146 697 194 80-88.
833 145 878 192 211

83 257 189 314 miseros
200 258 263 315 lore.
298 259 386 331 igitur
396 258 577 328 Vespasianus,
593 259 687 312 cuncta
703 253 814 310 fortem
825 260 905 312 suas

82 337 170 405 petere
186 339 258 391 ratus
276 354 323 392 neo
340 335 475 407 quiequam
492 334 561 388 ultra
576 331 731 396 incredibile,
749 329 809 386 lato
825 331 881 400 ipse

82 410 166 476 vultu,
182 416 336 484 erectaque
352 411 471 466 adstabat
487 409 659 474 multitudiue,
673 408 747 479 jussa
761 407 881 478 exsequi·

82 488 135 541 tur.
172 487 266 543 Statim
281 505 405 544 conversa
415 486 448 542 ad
459 505 535 542 usum
550 503 649 550 manus,
661 501 691 540 ao
707 501 774 540 eaeoo
786 483 908 540 reluxit?

82 561 145 617 dies.
183 564 336 636 Utrumque,
354 564 398 636 qui
416 563 563 628 interfuere,
579 579 648 617 nune
669 578 769 633 quoque
786 578 881 617 memo·

83 642 150 704 rant,
163 644 299 712 postqum
310 640 409 695 nullum
420 639 551 695 mendacio
562 638 681 710 pretium.

118 715 203 771 Altior
214 716 273 772 inde
285 717 443 788 Vespasiano
452 715 545 785 cupido
556 713 666 770 meandi
675 731 772 770 sacrem
783 713 878 780 sedem,
890 711 928 768 82

82 795 114 846 ut
126 810 202 864 super
213 793 290 850 rebus
302 794 402 865 imperii
414 791 567 848 consuleret.
597 790 791 862 Ameritemplo
803 809 881 847 cuno·

82 870 125 924 tos
146 869 229 940 jubet.
265 872 354 940 Atque
375 870 507 940 ingressus
530 867 696 936 intentusque
713 867 818 932 numini,
842 873 905 924 res

84 946 169 1016 spexit
183 964 249 1017 pone
266 949 368 1016 tergam
382 963 397 999 e
413 943 566 1015 primoribus
583 941 763 1013 AEgyptiorum
780 943 882 999 nomine

83 1021 223 1089 Basiliden,
239 1039 316 1092 quem
331 1020 421 1091 procul
436 1018 590 1074 Alexandria
605 1017 714 1088 pluriam
727 1017 826 1072 dierum
841 1019 882 1074 iti·

82 1115 145 1152 nere
163 1101 190 1152 et
208 1115 278 1167 aegro
296 1113 401 1166 corpore
419 1095 528 1150 detineri
550 1093 619 1150 haud
642 1093 783 1164 ignorabat.
819 1094 905 1149 Per-s
1022 1107 1026 1113 ·

84 1177 223 1228 cunctatur
242 1171 387 1227 secerdotes
407 1190 470 1226 uum
488 1170 532 1226 illo
552 1169 594 1226 die
613 1168 739 1224 Basilides
759 1169 882 1240 templum

83 1249 194 1315 inisset;
212 1252 396 1319 percunctatur
415 1247 504 1303 obvios
526 1265 589 1300 num
608 1246 637 1300 in
656 1244 719 1300 urbe
740 1245 810 1301 visus
831 1246 881 1302 sit:

83 1324 202 1396 denique,
222 1324 307 1380 missis
327 1324 465 1396 equitibus,
485 1323 601 1394 explorat
621 1322 665 1378 illo
686 1322 808 1392 temporis
828 1340 883 1376 mo-

82 1405 172 1456 mento
180 1401 313 1472 octogiuta
323 1401 436 1458 millibus
448 1419 569 1472 passuum
581 1399 700 1456 abluisse.
736 1399 808 1454 'ltine
820 1399 882 1454 divi·

82 1495 143 1533 nem
168 1479 279 1550 speeiem
303 1481 330 1534 et
354 1479 407 1534 rim
432 1479 550 1549 responsi
574 1495 607 1533 ex
630 1477 733 1532 nomine
760 1475 881 1532 Basilidis

82 1554 267 1626 interpretatus
277 1559 325 1610 est.
360 1555 442 1626 Origo
453 1554 495 1610 dei
502 1553 616 1610 noudum
627 1553 722 1610 nostris
734 1553 880 1610 auctoribus
890 1554 927 1608 83

85 1630 227 1686 celebrata:
246 1631 428 1703 AEgyptiorum
443 1631 573 1687 antistites
587 1631 625 1687 sic
641 1634 782 1686 memorant
790 1653 798 1697 ;
817 1631 880 1686 Pto-

84 1706 173 1763 lemaeo
191 1707 254 1778 iegi,
272 1707 316 1778 qui
334 1708 505 1764 Macedonum
521 1708 618 1779 primus
635 1707 744 1779 AEgypti
759 1725 820 1778 opes
838 1707 881 1762 fir·

84 1785 172 1848 mavit,
183 1801 242 1839 cum
253 1783 413 1840 Alexandriae
421 1803 509 1840 reeens
518 1785 626 1840 condita
634 1785 727 1840 moenia
735 1784 881 1856 templaque

84 1863 113 1914 et
139 1859 274 1929 religiones
300 1859 413 1925 adderet,
441 1859 555 1914 oblatum
580 1878 627 1930 per·
653 1860 765 1930 quietem
791 1859 882 1916 decoro

85 1934 179 1989 eximio
199 1937 226 1988 et
246 1934 340 2004 majore
361 1953 436 2006 quem
455 1935 566 1990 humana
586 1935 669 2006 specie
686 1938 816 2014 juvenem,
838 1936 883 2005 qui

85 2013 201 2065 moneret
225 2012 263 2077 ut,
284 2009 413 2065 fidissimis
438 2010 576 2065 amisorum
599 2011 628 2064 in
651 2009 765 2065 Pontum
788 2010 880 2076 missis,

86 2086 195 2157 effigiem
210 2101 283 2140 suem
299 2085 407 2140 acciret:
425 2085 513 2141 latum
528 2085 556 2140 id
570 2101 657 2156 regno,
671 2103 839 2156 magnamque
854 2090 882 2142 et

7 2159 8 2178 *
85 2161 199 2218 inclitam
223 2160 309 2218 sedem
334 2161 397 2228 iore,
423 2181 480 2234 quoe
504 2162 655 2232 excepisset.
692 2161 774 2216 Simul
799 2162 883 2218 visum

86 2239 195 2293 eundem
210 2238 330 2309 juvenem
344 2238 373 2293 in
388 2237 477 2294 celum
491 2238 551 2310 igue
567 2238 676 2309 plurimo
693 2238 783 2294 attolli.
819 2239 907 2294 Pto-2

86 2315 197 2383 lemaeue,
208 2314 292 2370 omine
305 2317 332 2370 et
343 2313 463 2370 miraculo
480 2316 587 2380 excitus,
600 2314 773 2370 sacerdotibus
785 2315 883 2387 AEgyp-

86 2391 189 2456 tiorum,
209 2390 302 2462 quibus
321 2408 378 2446 mos
400 2390 462 2446 talia
481 2391 631 2463 intelligere,
653 2395 791 2448 nocturnos
811 2392 882 2448 visus

87 2467 177 2536 aperit.
213 2468 300 2538 Atque
311 2467 361 2522 illis
378 2467 456 2522 Ponti
467 2471 494 2523 et
510 2471 675 2524 externorum
686 2488 776 2540 parum
787 2470 881 2541 gnaris,

87 2541 249 2597 Timotheum
261 2543 444 2598 Atheniensem
462 2561 477 2600 e
488 2548 565 2615 gente
577 2545 793 2617 Eumolpidarum,
807 2563 881 2616 quem

88 2621 118 2672 ut
130 2619 271 2675 antistitem
283 2619 482 2676 cerimoniarum
493 2620 613 2678 Eleusine
622 2623 758 2688 exciverat,
768 2638 884 2691 quanam

89 2692 133 2748 illa
152 2695 309 2766 superstitio,
331 2695 399 2768 quod
418 2714 520 2763 numen,
541 2697 691 2772 interrogat.
727 2695 908 2760 timothems
