2070 3204
172 145 207 196 u
508 145 632 194 ‘raom

806 209 841 258 [s.
851 207 879 248 u.
889 210 913 248 c.
925 209 977 250 aaa.

151 255 253 313 trincti
264 254 434 312 caedebantur.
470 255 589 326 Namque
601 255 694 312 mirum
706 255 778 312 dictu
793 265 824 311 ut
836 257 871 312 sit
886 259 977 312 omnis

172 334 345 389 Sarmatarum
363 331 445 387 virtus
462 332 534 387 velut
555 336 628 388 extra
645 334 733 404 ipsos:
751 332 815 388 nihil
830 333 863 388 ad
879 333 977 404 pedes-

172 413 238 465 trem
251 427 364 481 pugnam
374 412 428 464 tam
445 409 565 480 ignarum
573 431 581 476 ;
600 409 645 464 ubi
659 427 705 479 per
719 414 817 465 turmas
835 409 975 477 advenere,

150 487 217 556 ,vix
227 487 281 542 ulla
292 486 358 540 acies
370 485 507 540 obstiterit.
545 485 596 541 Sed
608 489 663 540 tum
675 485 779 540 humido
791 486 832 542 die
843 491 871 541 et
883 487 976 544 soluto

173 562 233 634 gelu
244 579 326 633 neque
338 561 408 616 couti
421 579 504 632 neque
520 561 605 633 gladii,
618 579 681 632 quos
699 562 841 634 praelongos
858 570 975 634 utraque

172 655 250 694 manu
261 641 362 709 regim,
376 639 442 702 usui,
455 637 612 708 lapsantibus
625 638 697 708 equis
708 642 736 693 et
748 639 975 709 cataphractarum

150 715 291 786 dpondere.
327 713 361 769 Id
372 713 529 784 principibus
541 719 568 769 et
576 713 732 769 nobilissimo
742 715 834 786 cuique
845 715 972 785 tegimen,

172 791 261 847 ferreis
270 791 370 846 laminis
379 794 424 845 aut
434 789 552 861 praeduro
561 790 630 846 corio
639 794 792 856 consertum,
803 795 833 846 ut
845 790 973 846 adversus

172 867 240 922 ictus
251 867 451 938 impenetrabile,
462 867 500 922 ita
511 867 609 938 impetu
620 867 733 923 hostium
745 867 885 938 provolutis
897 867 973 922 inha-

172 942 223 998 bile
240 943 273 997 ad
289 943 489 1014 resurgendum:
510 944 585 999 simm
597 944 732 1000 altitudine
744 948 771 999 et
782 943 889 998 mollitia
899 944 970 999 nivis

152 1019 362 1075 thauriebantur.
403 1021 535 1076 Romam
551 1022 623 1076 miles
638 1021 720 1076 facilis
737 1021 815 1076 lorica
832 1024 858 1074 et
876 1020 971 1076 missili

172 1095 225 1168 pilo
241 1100 286 1152 aut
300 1097 394 1152 lanceis
408 1097 543 1166 assultans,
561 1098 605 1153 ubi
620 1116 661 1153 res
675 1101 799 1168 posceret,
815 1096 865 1151 leri
880 1096 970 1168 gladio

171 1171 294 1230 inermem
306 1175 447 1228 Sarmatam
460 1175 553 1245 (neque
565 1175 632 1229 enim
644 1179 718 1230 scuto
727 1172 829 1228 defendi
839 1190 895 1227 mos
903 1175 968 1243 est)

172 1252 287 1306 eominus
299 1250 420 1315 fodiebat,
432 1249 515 1306 donec
527 1251 609 1321 pauci,
624 1251 668 1322 qui
679 1250 766 1322 prebe
778 1249 967 1321 superfuerant,

172 1327 307 1398 paludibus
326 1326 496 1381 abderentur:
523 1327 559 1382 ibi
577 1328 675 1382 sevitia
693 1327 783 1382 hiemis
798 1332 823 1381 ct
838 1329 864 1382 ci
879 1327 968 1382 vulne-

151 1415 230 1461 8rum
251 1401 387 1470 absumpti.
423 1402 563 1473 Postquam
583 1403 610 1459 id
630 1404 720 1458 Rome
738 1406 903 1473 compertum,
924 1403 965 1458 M.
1028 1417 1029 1422 ’

172 1477 289 1548 Aponius
307 1477 427 1531 Moesiam
444 1478 561 1534 obtinens
579 1479 725 1550 triumphali
747 1482 839 1544 statua,
858 1478 966 1535 Ilulvim
1029 1541 1030 1544 Ἴ

173 1552 293 1608 Aurelius
306 1556 332 1607 et
348 1552 465 1608 Julianus
483 1555 567 1610 litias
584 1573 613 1611 ac
632 1555 765 1611 Numisius
780 1555 870 1626 Lupus
885 1554 966 1626 legati
1029 1555 1030 1560 ’

173 1628 301 1700 legionum
309 1629 482 1685 consularibus
489 1633 644 1687 ornamentis
652 1632 785 1705 donantur,
795 1631 854 1687 laeto
861 1631 966 1688 Othone

173 1709 200 1760 et
212 1704 317 1776 gloriam
329 1705 356 1759 in
368 1723 395 1760 se
407 1707 532 1772 trahente,
545 1712 666 1779 tanquam
678 1712 705 1764 et
717 1708 771 1779 ipse
783 1707 844 1763 felix
855 1707 927 1774 bello,
938 1713 965 1764 et

173 1781 227 1836 suis
239 1780 345 1836 ducibus
358 1782 460 1852 suisque
472 1784 625 1839 exercitibus
637 1803 691 1838 rem
703 1784 830 1855 publicam
842 1784 963 1840 aumsset.

128 1861 167 1915 80
199 1857 283 1912 Parvo
291 1857 393 1912 interim
405 1858 487 1925 initio,
496 1861 564 1915 unde
576 1859 639 1916 nihil
648 1861 793 1926 timebatur,
803 1865 860 1915 orta
871 1859 963 1916 seditio

172 1929 251 2005 prope
262 1933 320 1989 urbi
336 1934 434 1990 excidio
448 1935 505 1990 fuit.
543 1937 681 2008 Septimum
696 1937 819 1995 decimam
833 1937 964 1992 cohortem

172 2028 187 2066 e
205 2009 303 2066 colonia
319 2010 433 2066 Ostiensi
450 2012 478 2066 in
494 2012 584 2068 urbem
603 2013 678 2068 acciri
695 2014 765 2068 Otho
781 2013 907 2085 jusserat;
925 2031 965 2068 ar-

171 2087 269 2144 mandae
285 2088 340 2160 ejus
353 2107 415 2145 cura
425 2089 505 2144 Vario
517 2090 644 2160 Crispino,
655 2090 759 2145 tribuno
770 2107 785 2145 e
797 2089 964 2161 pretorianis,

149 2164 238 2220 tdata
275 2165 304 2220 Is
316 2183 366 2236 quo
378 2165 461 2237 magis
478 2184 574 2220 vacuus
593 2166 686 2236 quietis
703 2166 793 2220 eastris
805 2166 878 2237 jussa
892 2183 965 2220 exse-

172 2244 300 2312 queretur,
324 2243 440 2297 vehioula
462 2243 574 2298 cohortis
598 2243 734 2313 incipiente
757 2247 834 2297 noete
857 2243 964 2312 onerari,

150 2321 260 2385 asperto
277 2318 479 2381 armamentario,
494 2319 576 2388 jubet.
613 2319 724 2390 Tempus
742 2319 770 2374 in
787 2318 962 2389 suspicionem,

172 2407 249 2445 eausa
259 2391 287 2444 in
298 2392 399 2457 crimen,
413 2393 541 2448 affectatio
557 2395 649 2464 quietis
661 2395 688 2450 in
699 2395 839 2450 tumultum
851 2395 944 2451 evaluit
954 2419 962 2463 ;

171 2469 198 2520 et
219 2465 275 2520 risa
291 2465 358 2520 inter
375 2467 529 2522 temulentos
547 2487 616 2524 arma
633 2471 776 2541 cupidinem
794 2472 835 2526 sui
852 2489 961 2528 movere.

170 2540 268 2596 Fremit
280 2540 359 2606 miles,
371 2545 398 2597 et
414 2542 529 2598 tribunos
541 2547 751 2618 centurionesque
763 2547 911 2618 proditionis
923 2566 962 2603 ar·

170 2617 237 2691 goie,
251 2621 371 2688 tauquam
382 2619 483 2674 familie
502 2625 648 2676 senatorum
660 2623 692 2678 ad
704 2624 840 2695 perniciem
852 2624 961 2681 Othonis

171 2697 336 2764 armarentur,
352 2713 411 2766 pars
427 2694 509 2765 ignari
524 2700 551 2752 et
567 2696 626 2752 vino
642 2716 740 2768 graves
753 2701 877 2770 pessimus
893 2702 961 2772 quis-
