2094 3040
172 156 205 202 22
508 153 628 202 TACITI

807 217 965 266 [aueum

151 263 262 324 tdeinde
274 263 495 318 armamentarium
505 263 592 336 jussit.
629 263 716 336 Rupta
728 265 815 320 statim
824 285 901 330 arma,
911 268 966 321 sine

171 359 241 396 more
253 343 280 394 et
292 339 380 394 ordine
391 340 496 405 militia,
515 346 546 394 ut
565 341 733 411 praetoriauus
748 346 792 394 aut
809 341 966 412 legionarius

171 415 314 487 insignibus
335 415 388 470 suis
409 416 624 490 distingueretur:
645 417 785 471 miscentur
801 418 967 473 auxiliaribus

171 494 249 565 galeis
271 492 408 562 scutisque,
427 493 498 547 nullo
514 493 675 548 tribunorum
694 494 903 549 centurionumve
922 495 968 549 ad-

171 569 298 633 hortante,
313 567 361 622 sibi
374 569 480 640 quisque
493 568 546 622 dux
558 573 584 624 et
596 569 750 639 instigatum
769 573 795 624 et
808 571 967 642 praecipuum

171 645 339 716 pessimorum
351 644 551 710 incitamentum,
566 645 634 716 quod
647 645 706 700 boni
718 646 864 701 merebant.

127 729 163 784 39
206 725 267 777 Jam
280 723 418 778 exterritus
435 724 495 778 Piso
510 723 616 778 fremitu
632 722 814 778 crebrescentis
833 723 966 779 seditionis

171 802 198 854 et
222 798 326 854 vocibus
349 799 377 853 in
400 799 488 856 urbem
512 805 595 872 usque
619 799 806 866 resonantibus,
832 819 966 872 egressum

170 875 273 930 interim
298 875 402 930 Galbam
428 880 455 931 et
478 877 534 931 soro
558 877 803 948 appropinquantem
833 883 969 932 assecutus

171 956 244 1017 erat;
260 953 312 1024 jam
326 953 425 1008 Marius
438 953 529 1008 Celsus
541 953 610 1008 haud
627 952 687 1007 laeta
702 953 833 1019 retulerat,
848 972 906 1009 cum
922 955 966 1009 alii

170 1028 198 1082 in
221 1029 349 1084 Palatium
373 1030 463 1095 redire,
490 1030 533 1085 alii
552 1029 710 1101 ¹Capitolium
732 1035 829 1101 petere,
852 1031 965 1102 plerique

170 1105 267 1160 Rostra
287 1107 432 1178 occupanda
449 1111 590 1172 censerent,
609 1106 695 1178 plures
712 1111 812 1162 tantum
831 1109 965 1164 sententiis

171 1181 277 1237 aliorum
289 1183 500 1248 contradicerent,
513 1188 594 1254 utque
606 1183 691 1238 evenit
699 1183 726 1238 in
738 1184 850 1240 consiliis
860 1185 965 1240 infelici-

149 1258 226 1325 2bus,
240 1260 337 1330 optima
348 1260 496 1314 viderentur
508 1278 616 1330 quorum
628 1263 731 1330 tempus
739 1261 871 1332 effugerat.
903 1263 965 1332 Agi-

171 1338 240 1390 tasse
269 1335 339 1391 Laco
368 1337 458 1407 ignaro
482 1336 563 1391 Galba
587 1335 619 1390 de
643 1335 780 1391 occidendo
804 1337 863 1392 utto
886 1338 965 1394 Vinio

172 1410 273 1477 dicitur,
294 1413 347 1467 sive
367 1417 398 1466 ut
420 1431 494 1482 poena
514 1413 570 1483 ejus
589 1412 686 1468 animos
704 1413 813 1468 militum
832 1413 963 1480 mulceret,

172 1505 218 1542 seu
230 1488 357 1544 conscium
372 1489 481 1544 Othonis
494 1488 621 1554 credebat,
635 1489 667 1544 ad
679 1493 836 1560 postremum
846 1491 888 1546 vel
897 1491 963 1546 odio.

149 1564 367 1620 3Heesitationem
381 1565 469 1621 attulit
481 1570 585 1638 tempus
599 1584 628 1621 ao
640 1567 719 1632 locus,
733 1567 793 1638 quia
804 1567 877 1622 initio
890 1567 965 1624 caedis

171 1644 228 1696 orto
249 1641 355 1696 difficilis
374 1641 473 1696 modus.
509 1643 544 1698 Et
567 1643 703 1698 turbavere
721 1643 853 1698 consilium
871 1644 965 1714 trepidi

171 1717 256 1772 nuntii
277 1735 306 1772 ac
325 1717 499 1788 proximorum
520 1719 633 1792 diffugia,
652 1719 833 1791 languentibus
852 1721 964 1775 omnium

171 1793 263 1848 studiis
282 1794 326 1864 qui
343 1794 425 1864 primo
444 1795 538 1851 alacres
555 1797 631 1852 fidem
650 1801 729 1867 atque
749 1797 862 1851 animum
881 1801 964 1852 osten-

126 1873 296 1932 40taverant.
344 1871 478 1942 Agebatur
502 1873 552 1928 hue
576 1873 637 1928 illuc
667 1873 755 1937 Galba,
781 1875 852 1928 vario
882 1873 965 1928 turbe

170 1947 319 2002 fluctuantis
349 1948 469 2019 impulsu,
493 1950 626 2021 completis
651 1949 765 2021 undique
795 1950 905 2005 basilicis
935 1968 966 2005 ac

149 2024 279 2096 2templis‚
301 2025 404 2097 lugubri
422 2032 567 2097 prospectu.
603 2026 696 2097 Neque
715 2027 803 2097 populi
820 2031 865 2081 aut
881 2026 962 2097 plebis

170 2101 222 2157 ulla
245 2120 303 2170 vox,
327 2102 373 2158 sed
398 2105 503 2159 attoniti
523 2103 610 2158 vultus
632 2107 807 2158 etcouversoe
828 2102 966 2157 adomnia

149 2191 251 2236 saures.
288 2180 350 2234 Non
370 2180 505 2244 tumultus,
526 2197 578 2234 non
592 2180 672 2250 quies,
690 2179 764 2250 quale
778 2179 864 2250 magni
879 2184 964 2234 metus

170 2261 197 2308 et
216 2274 314 2326 magna
334 2257 378 2310 irae
402 2257 532 2311 silentium
556 2260 604 2310 est.
641 2255 738 2310 Othoni
762 2258 848 2309 tamen
873 2257 965 2311 armari

148 2330 269 2400 uplebem
281 2331 456 2386 nuntiabatur.
493 2332 536 2384 Ire
553 2331 698 2402 praecipites
715 2334 742 2386 et
757 2347 881 2400 occupare
899 2333 964 2402 peri-

171 2405 228 2460 cula
249 2405 331 2476 jubet.
368 2406 454 2475 Igitur
474 2406 568 2460 milites
592 2407 710 2472 Romani,
732 2406 804 2477 quasi
821 2406 964 2479 Vologesen

171 2485 217 2535 aut
228 2481 354 2535 Pacorum
367 2482 435 2536 avito
447 2481 626 2536 Arsacidarum
639 2483 702 2537 solio
720 2482 850 2553 depulsuri
868 2502 897 2539 ec
913 2503 964 2540 non

171 2557 348 2628 imperatorem
373 2575 448 2612 suum
471 2558 592 2612 inermem
612 2563 639 2613 et
659 2577 744 2614 senem
762 2560 890 2616 trucidare
909 2579 964 2632 per·

170 2637 268 2705 gerent,
283 2632 389 2704 disjecta
400 2633 481 2704 plebe,
496 2635 644 2704 proculcato
661 2640 760 2702 senatu,
778 2641 864 2692 truces
880 2637 963 2706 armis,

169 2709 250 2782 rapidi
274 2711 346 2782 equis
370 2710 455 2766 forum
478 2710 632 2782 irrumpunt.
680 2714 738 2770 Nec
761 2714 818 2771 illos
843 2713 963 2784 Capitolii
