2086 3026
13 129 15 228 p
77 192 139 234 Μ).
150 191 191 241 m]
244 130 499 180 HISTORIARUM
516 132 561 180 IV.
577 134 681 182 49-52.
821 137 867 185 180

74 237 182 306 stiterat,
202 240 234 294 ad
251 240 377 312 legionem
394 242 532 309 contendit,
552 243 755 315 Profectumque
772 246 868 299 castro-

73 337 138 382 rum,
161 317 309 372 Getronium
332 318 461 383 Pisanum,
482 320 571 375 vinciri
588 320 673 390 jussit,
695 321 809 391 proprias
833 320 869 376 ob

74 393 231 448 simultates:
251 393 296 448 sed
314 394 415 448 Pisonis
433 395 567 450 satellitem
590 395 703 464 vocabat,
723 396 867 467 militesque

74 473 101 526 et
118 469 287 524 Centuriones
306 470 427 541 quosdam
444 472 534 541 puniit,
552 471 614 527 alios
631 472 739 542 praemiis
764 472 865 528 affecit:

73 549 193 600 neutrum
216 565 250 601 ex
272 546 371 612 merito,
397 547 441 602 sed
464 551 494 602 ut
517 549 672 618 oppressisse
696 548 789 604 bellum
812 566 866 603 cre·

74 621 184 676 deretur.
219 622 285 678 Mox
306 623 444 688 iliensium,
466 624 709 696 Leptitanorumque
727 624 887 680 discordioso

74 699 208 768 componit,
221 717 284 770 quae,
295 703 373 770 raptu
383 699 486 770 frugum
498 705 524 754 et
536 718 655 770 pecorum
662 701 730 755 inter
740 705 863 771 agrestes,

73 773 177 830 modicis
196 775 333 845 principiis,
352 779 407 844 jam
425 793 471 845 per
489 793 558 830 arma
581 781 657 846 atque
681 776 746 830 acies
766 794 865 832 exerce·

73 851 174 906 bantur.
220 851 288 904 Nam
317 850 426 921 populus
447 851 554 915 (Eleusis,
570 850 733 907 multitudine
752 852 864 918 inferior,
885 885 888 892 «

74 928 240 980 Garamantas
259 925 394 989 exciverat,
413 929 515 994 gentem
532 925 679 980 indomitam
696 929 722 980 et
739 927 807 980 inter
827 946 866 984 ac·

74 1002 142 1056 colas
154 1001 291 1054 latrociniis
303 1000 444 1054 secundam.
480 1000 556 1054 Unde
570 1007 646 1055 arctae
660 1001 803 1070 Leptitanis
815 1018 888 1068 reae

74 1077 176 1146 lateque
187 1075 294 1130 vastetis
306 1075 374 1144 agris
392 1075 460 1129 intra
474 1076 566 1130 moenia
581 1075 758 1146 trepidabant:
778 1077 865 1143 donec,

74 1153 222 1206 interventu
240 1151 382 1204 cohortium
404 1150 555 1222 alarumque,
576 1151 627 1206 iusi
651 1152 816 1207 Garamantes
840 1157 867 1208 et

74 1231 179 1298 recepta
201 1227 281 1281 omnis
305 1225 396 1297 prada,
420 1226 470 1280 nisi
493 1245 568 1297 quam
590 1226 650 1298 vagi
672 1245 718 1297 per
740 1228 868 1284 inaccessa

74 1303 211 1374 mapalium
222 1302 384 1358 ulterioribus
397 1302 568 1358 vendiderant.

109 1382 147 1434 At
165 1379 328 1450 Vespasiano,
345 1383 404 1450 post
420 1378 613 1434 Cremonensem
630 1397 741 1450 pugnam
754 1383 781 1436 et
796 1385 910 1451 pros-51

74 1474 149 1528 peres
170 1455 281 1526 undique
300 1456 412 1522 nuntios,
433 1455 553 1512 cecidisse
570 1456 710 1522 Vitellium,
730 1456 804 1513 multi
823 1475 867 1512 cu-

71 1535 165 1604 jusque
176 1532 278 1598 ordinis,
291 1533 346 1604 pan'
363 1531 468 1588 audacia
484 1533 636 1604 fortmraque
653 1533 785 1588 hibernum
797 1552 867 1590 mare

75 1609 196 1680 aggressi,
217 1611 373 1665 nuntiavere.
409 1608 524 1664 Aderant
541 1609 620 1681 legati
639 1610 717 1681 Regis
735 1611 886 1682 Vologesi:

75 1685 241 1756 quadraginta
249 1686 403 1740 Parthorum
411 1686 765 1755 equitummilliaofferentes.
791 1687 888 1758 Mag-2

74 1763 176 1816 nificum
191 1763 336 1832 latumque,
353 1763 432 1816 tantis
448 1763 574 1817 sociorum
588 1763 687 1817 auxiliis
705 1763 801 1829 ambiri,
823 1781 867 1818 ne-

75 1856 125 1908 que
147 1835 269 1905 indigere.
305 1837 400 1892 Gratiae
422 1837 550 1906 Vologese
569 1842 639 1903 actae,
661 1839 865 1908 mandatumque,

74 1911 221 1981 utlagatus
239 1911 271 1964 ad
290 1912 411 1966 Senatum
428 1913 542 1966 mitteret
560 1916 586 1966 et
603 1931 691 1982 paoem
708 1932 763 1968 esse
781 1914 866 1968 sciret.

75 1987 256 2057 Vespasianus,
268 1987 296 2040 in
306 1987 408 2040 Italiam
419 2005 510 2056 resque
521 1987 591 2041 urbis
602 1987 724 2054 intentus,
738 1989 889 2046 adversans

13 2091 14 2094 ¹
75 2063 108 2118 de
119 2061 265 2116 Domitiano
277 2064 370 2116 sarnam
382 2062 490 2132 accipit:
507 2065 627 2132 tanquam
644 2063 765 2116 terminos
783 2063 867 2118 aetatis

75 2143 103 2196 et
121 2155 239 2194 concessa
254 2137 305 2192 filio
321 2137 491 2208 egrederetur.
527 2138 613 2207 Igitur
628 2138 807 2192 validissimam
824 2156 868 2192 ex·

74 2215 170 2272 arcitus
182 2218 280 2285 partem
291 2215 350 2268 lito
361 2213 447 2280 tradit,
461 2213 493 2268 ad
504 2213 602 2284 reliqua
618 2214 636 2267 J
636 2213 719 2268 udaiei
734 2213 793 2268 belli
810 2231 867 2284 per-

74 2291 205 2364 petranda.
241 2291 334 2356 litum,
351 2293 485 2361 antequam
505 2289 686 2361 digrederetur,
703 2290 784 2345 multo
799 2290 866 2361 apud
874 2291 911 2344 52

74 2373 173 2440 patrem
197 2385 312 2423 sermone
335 2367 421 2422 orasse
451 2365 588 2432 dicebatur,
618 2384 651 2422 ne
680 2367 867 2422 criminantium

73 2445 172 2501 nuntiis
191 2447 286 2500 temere
309 2443 502 2498 accenderetur:
521 2443 698 2514 integrumque
719 2462 746 2499 se
766 2461 795 2499 ac
815 2444 883 2514 pla--

74 2520 178 2576 cubilem
191 2521 242 2576 filio
253 2524 393 2592 praestaret.
430 2521 491 2576 Non
502 2519 621 2591 legiones,
633 2537 685 2574 nou
696 2521 796 2588 classes,
810 2538 867 2590 per·

74 2597 134 2652 inde
153 2599 225 2652 firma
246 2598 345 2668 imperii
367 2597 530 2662 munimenta,
555 2615 630 2668 quam
652 2615 786 2650 numerum
805 2596 868 2650 libe-

75 2667 168 2729 rorum.
213 2675 280 2730 Nam
305 2675 397 2730 amicos
427 2680 548 2745 ternpore,
573 2674 683 2740 fortuna,
708 2671 887 2744 cupidinibns2
