2070 3204
95 399 207 449 ΗΜ
261 410 263 414 ,
291 338 688 388 arsTORIARUM11.1-s.
857 342 888 391 68

93 451 174 505 fllium
186 453 344 505 excusatum.
382 451 428 506 Sin
438 451 612 522 Vespasianus
623 470 679 507 rem
690 447 817 521 publicam
834 459 912 506 sus-8

94 527 201 596 ciperet,
213 525 411 582 obliviscendum
427 527 581 582 offensarum
598 527 630 583 da
641 527 708 583 badio
724 525 890 596 agitantibus.

95 603 147 658 His
172 621 201 658 ac
221 603 316 658 talibus
340 603 408 660 inter
426 621 497 675 spem
514 608 662 675 metumque
683 604 809 674 jactatum
832 606 917 673 spes2

95 679 165 735 vicit.
201 679 284 734 Fuere
300 679 345 751 qui
357 697 489 735 accensum
502 679 626 736 desiderio
640 679 777 736 Berenices
795 679 892 750 regma

94 756 203 810 vertisse
215 756 265 810 iter
281 756 421 812 crederent.
458 757 551 828 Neque
568 756 720 812 abhorrebat
736 773 752 810 a
768 755 914 812 Berenicea

90 831 214 903 juvenilis
233 832 348 888 animus:
374 831 420 887 sed
440 833 558 904 gerendis
582 833 659 890 rebus
683 832 782 888 nullum
805 851 838 888 ex
861 849 892 888 aa

93 909 313 980 impedimentum.
365 910 466 966 Laetam
494 911 671 981 voluptatibus
696 909 893 966 adolescentiam

94 986 157 1056 egit,
171 1004 218 1041 suo
232 1005 307 1057 quam
320 987 400 1057 patris
412 986 518 1058 imperio
536 985 683 1042 modestior.
719 986 806 1057 Igitur
822 999 914 1045 orama

94 1062 199 1118 Achmae
212 1066 239 1118 et
254 1063 322 1117 Asia
340 1080 369 1118 se
385 1062 448 1118 laeva
465 1063 542 1117 maris
559 1067 708 1134 praevectus,
728 1061 848 1118 Rhodum
866 1066 893 1116 et

95 1139 211 1210 Cyprum
237 1139 340 1204 insides,
368 1138 427 1194 inde
457 1139 556 1210 Syriam
584 1138 775 1194 audentioribus
804 1137 893 1208 spatiis

94 1215 209 1287 petebat.
246 1216 333 1286 Atque
345 1214 416 1270 illum
432 1215 524 1286 cupido
536 1215 640 1270 incessit
656 1215 766 1272 meandi
784 1213 916 1270 visendi-4

95 1309 147 1364 que
164 1291 289 1363 templum
307 1291 411 1362 Paphiae
428 1291 545 1357 Veneris,
564 1292 680 1346 inclitum
698 1290 893 1362 perindigemus

95 1367 264 1439 advenasque.
302 1367 383 1423 Haud
412 1367 491 1422 fuerit
520 1367 625 1440 longum
653 1367 728 1422 initia
756 1366 894 1438 religionis,

95 1444 187 1516 templi
203 1445 290 1513 ritum,
308 1443 415 1498 formam
433 1443 487 1499 deae
506 1443 685 1515 (nequeenim
708 1443 769 1500 alibi
791 1443 828 1498 sic
851 1443 894 1498 ha·

95 1519 192 1590 betam)
211 1521 298 1593 paucis
323 1521 454 1578 disserere.
503 1521 668 1576 Conditorem
693 1519 783 1592 templi
807 1522 918 1592 regem3

96 1598 193 1653 adrian
209 1603 285 1654 vetus
302 1599 431 1664 memoria,
451 1597 553 1670 quidam
570 1598 651 1670 ipsius
675 1597 728 1653 dere
751 1615 843 1653 nomen
867 1596 894 1652 id

96 1674 240 1746 perhibent.
276 1675 356 1730 Fama
379 1675 506 1730 recentior
522 1674 603 1730 tradit
621 1693 637 1730 a
654 1674 750 1746 Cinyra
766 1677 894 1730 sacratum

96 1751 229 1822 templum,
240 1751 364 1824 deamque
372 1752 453 1823 ipsam
463 1757 612 1823 conceptam
621 1751 686 1806 mari
694 1751 745 1807 huc
754 1751 895 1822 appulsam.

99 1827 152 1882 Sed
164 1829 295 1883 seientiam
308 1831 439 1900 artemque
450 1828 613 1900 haurspieum
621 1830 736 1893 accitam,
750 1831 777 1882 et
789 1827 917 1884 Cilicema

97 1902 224 1958 Tamiram
235 1903 370 1971 intulisse3
389 1911 466 1976 atque
478 1905 516 1960 ita
529 1908 632 1976 pactum
645 1908 675 1959 ut
687 1903 788 1959 familia
800 1903 894 1959 utrius-

98 1997 148 2049 que
166 1981 262 2051 posteri
278 1980 428 2036 cerimoniis
444 1979 616 2051 prsesiderent.
654 1981 726 2046 Mox,
747 1998 780 2035 ue
798 1979 916 2037 honoret

98 2055 168 2110 nullo
186 2056 285 2126 regium
306 2075 387 2128 genus
412 2057 571 2128 peregrinam
591 2057 697 2128 stirpem
722 2055 893 2122 antecelleret,

99 2129 156 2200 ipsa
167 2149 243 2200 quam
254 2133 394 2188 intulerant
411 2132 517 2186 scientia
529 2133 643 2204 hospites
660 2151 773 2188 cessere:
792 2135 895 2188 tantum

100 2205 240 2277 Cinyrades
263 2207 381 2262 sacerdos
405 2207 554 2262 consulitur.
599 2209 709 2275 Hostiae,
733 2211 764 2264 ut
788 2208 918 2278 quisque4

100 2283 179 2350 vovit,
192 2282 237 2337 sed
248 2300 331 2337 mares
347 2282 510 2352 deliguntur:
528 2283 670 2338 senissima
687 2283 750 2338 fldes
764 2282 896 2340 hadoram

99 2358 178 2415 fibris.
216 2358 370 2430 Sanguinem
382 2375 432 2412 arae
448 2358 579 2414 offundere
596 2359 721 2415 vetitumr
740 2358 858 2430 precibus
869 2363 897 2416 et

99 2435 160 2510 igne
177 2455 242 2508 puro
260 2435 350 2490 altaria
367 2434 508 2502 adolentur,
527 2453 575 2492 nec
592 2435 651 2492 ullis
668 2435 800 2502 imbribus,
818 2454 897 2508 quaa-

100 2532 176 2589 quaru
200 2513 227 2570 in
251 2516 348 2586 aperto,
372 2511 530 2568 madescunt.
577 2513 744 2570 Simulacrum
768 2511 822 2570 dea
845 2525 918 2572 nont

99 2589 183 2662 effigie
194 2589 311 2656 humana,
325 2590 462 2646 continuus
474 2589 543 2646 orbis
560 2589 652 2647 latiore
663 2591 737 2648 initio
754 2593 861 2648 tenuem
870 2591 898 2648 iu

100 2665 224 2722 ambitum
241 2670 317 2725 meta
334 2666 410 2722 modo
428 2685 585 2740 exaugeam
604 2672 632 2724 et
651 2668 717 2724 ratio
734 2668 762 2724 in
780 2667 896 2724 obscuro.

99 2743 185 2807 ditas,
197 2747 312 2814 spectata
324 2743 455 2814 opulentia
471 2743 595 2816 domsque
612 2763 711 2816 regum,
725 2762 831 2816 quaque
849 2743 924 2801 uias

100 2819 189 2876 latum
201 2819 396 2892 antiquitatibus
407 2821 557 2876 Graecorum
568 2839 649 2893 genus
661 2821 766 2877 marre
774 2817 899 2874 vetustati

100 2894 207 2967 afflugit,
226 2895 258 2952 ds
275 2896 438 2968 mrigatioae
455 2897 565 2970 primam
584 2896 722 2954 consuluit.
756 2894 920 2962 Postquama
