2070 3204
64 376 81 414 Α
101 374 177 424 W]
251 312 504 362 nrsnonmnun
522 313 558 361 11.
576 315 678 363 nst-³2.
824 317 856 366 80

63 428 116 480 tem
128 421 220 489 fovere,
234 424 328 479 crebris
340 425 462 496 epistolis,
472 422 526 478 sine
537 428 657 496 respectu
668 418 755 492 venia,
763 426 857 496 probra

63 499 159 554 Othoni
171 499 337 570 objectantes,
347 519 405 556 cum
417 501 494 556 duces
502 501 613 572 partium
621 499 731 556 Othonis
739 502 855 571 quamvis

63 575 188 630 uberrima
200 577 368 632 conuiuiorum
380 578 408 632 in
419 578 552 632 Vitellium
567 578 674 632 materia
689 577 854 634 abstinerent.

64 651 128 706 sane
141 656 199 706 aute
211 654 456 724 utriusqueexitum
467 673 517 725 quo
529 654 658 725 egregiam
670 654 739 708 Otho
752 655 853 720 lamam,
863 659 898 714 31

64 727 181 782 Vitellius
204 727 426 800 flagitiosissimam
450 749 572 795 meruere,
594 731 678 785 minus
701 731 798 785 Vitellii
818 731 855 803 ig

63 823 133 860 navae
144 805 288 877 voluptates
301 825 376 878 quam
393 807 503 862 Othonis
519 808 720 878 flagrantissimae
737 808 854 864 libidines

62 881 224 937 timebantur.
271 883 412 938 Addiderat
438 884 497 938 huic
521 888 644 939 terrorem
668 890 744 954 atque
768 885 877 940 odiumt

63 958 143 1014 caedes
156 959 258 1014 Galba:
278 965 366 1014 eontra
377 960 414 1014 illi
429 960 530 1014 initium
542 959 601 1015 belli
612 967 686 1014 nemo
703 961 853 1032 imputabat.

62 1035 182 1089 Vitellius
205 1041 293 1090 ventre
314 1039 341 1090 et
365 1035 425 1106 gula
445 1035 494 1090 sibi
514 1035 671 1100 inhonestus,
691 1037 760 1090 Otho
783 1037 854 1106 luxu,

62 1111 166 1180 sevitia,
178 1111 291 1178 audacia,
303 1112 341 1166 rei
352 1111 459 1181 publica
471 1111 602 1166 exitiosior
614 1110 761 1167 ducebatur.

99 1187 247 1260 conjunctis
271 1188 378 1242 Caecinae
402 1206 431 1242 ao
455 1187 570 1242 Valentis
593 1187 671 1257 copiis
695 1187 764 1242 nulla
787 1187 877 1246 ultratt

61 1281 139 1336 penes
162 1265 318 1332 Vitellianos¹
337 1283 407 1319 mora
430 1265 492 1335 quin
515 1265 578 1319 totis
598 1264 694 1319 viribus
719 1269 853 1320 certarent.

62 1341 133 1396 Otho
156 1342 316 1406 consultavit,
341 1342 409 1396 trahi
429 1341 522 1396 bellum
541 1360 574 1396 au
594 1341 723 1396 fortunam
746 1341 855 1412 experiri

62 1417 181 1488 placeret.
217 1419 289 1473 Tune
307 1419 443 1473 Suetonius
458 1417 580 1472 Paulinus
598 1417 703 1488 dignum
723 1417 790 1471 fame
809 1427 883 1472 suat

60 1501 142 1560 ratus,
161 1515 211 1566 qua
227 1513 301 1551 nemo
319 1496 362 1550 illa
378 1499 530 1566 tempestate
548 1495 664 1550 militaris
682 1495 719 1550 rei
742 1495 855 1550 callidior

60 1571 209 1638 habebatur,
223 1573 254 1628 de
268 1577 323 1628 toto
336 1591 428 1644 genere
440 1573 499 1628 belli
511 1591 621 1638 censere,
641 1577 657 1600 “
665 1571 854 1626 festinationem

61 1649 186 1715 hostibus,
205 1668 301 1705 moram
319 1651 380 1721 ipsis
398 1650 503 1705 utilem''
524 1649 661 1704 disseruit:
682 1649 898 1704 “Exercitum32

61 1725 161 1780 Vitellii
188 1728 333 1782 universum
358 1726 495 1792 advenisse,
520 1729 578 1782 neo·
590 1727 700 1781 multum
724 1726 815 1781 viritim
839 1743 855 1779 a

60 1805 143 1873 tergo,
168 1804 286 1872 quoniam
310 1803 397 1859 Galliae
424 1807 548 1868 tumeant,
573 1807 600 1858 et
624 1803 739 1858 deserere
769 1801 854 1857 Rheni

60 1879 150 1948 ripam,
162 1879 298 1950 irrupturis
310 1883 362 1934 tam
376 1880 476 1934 infestis
488 1880 644 1943 nationibus,
656 1898 708 1934 non
720 1878 851 1933 conducat.

2 2018 4 2022 y
59 1955 236 2010 Britannicum
250 1957 355 2010 mihtem
369 1957 441 2010 hoste
454 1965 480 2010 et
492 1957 556 2010 mari
565 1956 697 2019 distineri;
715 1955 875 2026 Hispaniasa

60 2035 138 2088 armis
161 2053 213 2088 non
235 2035 273 2088 ita
296 2035 453 2101 redundare;
483 2035 638 2104 provinciam
661 2035 853 2089 Narbonensem

60 2111 166 2164 incussu
178 2111 264 2166 classis
276 2116 303 2166 et
316 2112 421 2166 adverso
433 2111 724 2180 praeliooontremuisse3
743 2111 853 2164 clausam

60 2185 178 2256 Alpibus,
191 2190 218 2240 et
230 2187 298 2240 nullo
310 2188 386 2241 maris
399 2185 519 2250 subsidio,
532 2187 728 2257 transpadanam
743 2185 852 2250 Italiam,

60 2265 140 2333 atque
158 2263 213 2334 ipso
231 2263 341 2318 transitu
359 2263 484 2316 exercitus
499 2267 612 2327 vastam;
630 2281 682 2316 non
697 2264 854 2316 frumentum

59 2359 170 2410 nsquam
188 2339 320 2405 exercitui,
342 2357 390 2393 nec
409 2339 549 2393 exercitum
572 2338 627 2392 sine
651 2337 729 2407 copiis
750 2337 854 2392 retineri

35 2435 144 2488 posse.
192 2417 250 2471 Jam
275 2417 422 2480 Germanos,
447 2415 514 2486 quod
536 2434 618 2484 genus
647 2414 758 2469 militum
787 2413 875 2485 apud3

59 2494 149 2550 hostes
161 2494 346 2549 atrocissimum
359 2493 401 2558 sit,
414 2496 496 2547 tracto
512 2493 539 2547 in
557 2496 671 2548 aestatem
688 2491 760 2557 bello,
778 2491 853 2546 fluxis

59 2571 217 2642 corporibus,
235 2573 401 2627 mutationem
420 2571 467 2626 soli
484 2570 588 2641 oaehque
605 2569 674 2624 haud
691 2567 852 2624 toleraturos.

58 2648 148 2704 Multa
167 2649 239 2714 bella,
259 2649 358 2720 impetu
378 2648 466 2716 valida,
486 2668 531 2720 per
551 2648 628 2703 taedia
646 2656 673 2702 et
692 2665 775 2701 moras
796 2664 854 2700 eva-

57 2725 154 2780 nuisse.
190 2726 288 2780 Contra
304 2726 367 2797 ,ipsis
387 2727 470 2780 omnia
489 2725 610 2796 opulenta
628 2728 655 2780 et
675 2724 732 2792 fida,
753 2723 877 2776 Panno-4
941 2754 944 2770 .

57 2801 136 2866 niam,
161 2801 286 2867 blesiam,
311 2803 474 2868 Dalmatiam,
498 2804 638 2867 Orientem,
664 2819 722 2856 cum
745 2797 853 2867 integris

58 2878 221 2946 samnitibus,
233 2879 334 2934 Italiam
345 2884 373 2936 et
385 2885 462 2952 caput
474 2898 559 2936 rerum
574 2880 671 2944 urbem,
687 2877 854 2940 senatumque
