2096 3038
94 201 150 240 AB
167 195 237 250 Μ
264 139 518 188 msuoruanum
537 134 588 188 111.
607 143 710 188 m-na
841 143 889 190 mr

92 263 179 306 eorum
202 252 415 321 omrloeque'non
443 251 576 305 tolemnt.'’
620 250 693 316 Hac,
718 253 749 305 ut
773 269 888 323 quosque

91 331 247 393 accesseram
265 327 339 396 plura
359 327 391 381 ad
406 327 539 392 tertianos,
559 329 675 382 veterum
695 328 888 399 recentiumque

93 402 236 468 admonens,
261 408 292 458 nt
313 404 360 458 sub
384 404 423 458 M.
437 403 549 458 Antonio
574 403 691 468 Parthos,
717 404 764 459 sub
790 405 888 459 Oorbu-
934 439 937 445 ·

92 477 149 533 lone
173 481 314 545 Armenios,
338 499 420 550 nuper
450 482 577 534 Sarmatas
607 479 771 550 pepulissent.
823 481 910 536 Mors

92 555 215 611 infensius
239 557 404 626 praetorianis,
429 562 445 585 “
460 557 542 626 Vcsss’·
561 555 652 626 inquit,
677 557 754 611 “nisi
777 557 887 624 vincitis,

2 672 6 695 ,
64 628 68 635 ’
92 633 190 703 pagani,
205 633 261 703 quis
274 633 337 688 alius
349 633 494 704 imperator,
508 651 564 704 qum
577 636 662 686 castra
672 632 722 686 alia
739 634 887 705 excipient?

94 709 150 764 Illic
170 710 243 780 signa
257 727 376 780 armaque
393 715 480 765 restra
498 713 566 774 eunt,
586 713 612 762 et
631 727 700 764 mors
718 710 810 765 victis:
829 729 888 764 nom

92 784 254 856 ignominiam
269 786 488 857 consumpsistis.¹'
527 785 646 856 Undique
664 785 777 851 clam0r3
795 795 822 841 et
838 787 911 842 ori-4

93 865 178 916 eutem
194 863 272 917 solem
285 863 333 932 (ita
348 862 462 932 insyria
477 879 532 916 mos
544 863 607 930 est‚)
620 862 724 916 tertiani
739 863 887 918 salutavere.

92 937 182 1008 Vagus
193 937 261 1006 inde,
275 957 308 992 an
319 937 423 992 oonsilio
435 937 507 992 ducis
519 937 637 992 subditus
649 956 742 1003 mmor,
756 939 888 995 advenisse
896 940 933 994 25

93 1013 250 1078 Mucianum,
264 1014 391 1068 exercitus
412 1013 439 1066 in
457 1013 538 1067 vicem
554 1013 687 1068 salutbsse.
725 1015 837 1070 Gradum
850 1016 891 1070 in·

94 1088 181 1143 ierunt
200 1089 273 1158 quasi
290 1089 436 1143 recentibus
454 1088 554 1142 auxiliis
572 1089 648 1154 aucti,
666 1089 761 1144 rariore
776 1092 829 1161 jam
841 1092 889 1146 Vi-

94 1163 255 1219 tellianorum
273 1165 335 1230 acie,
352 1168 382 1220 ut
398 1181 461 1235 quos
478 1163 547 1218 nullo
566 1168 666 1219 rectore
683 1183 745 1220 suus
764 1185 889 1237 quemque

93 1241 205 1311 inpetus
218 1241 258 1296 vel
270 1259 348 1312 pavor
362 1240 523 1296 contraheret
541 1239 711 1296 diduceretve.
748 1243 912 1314 Postquaml

93 1318 183 1390 pulsos
212 1318 292 1374 sensit
322 1318 457 1382 Antonius,
489 1316 566 1372 denso
596 1318 696 1388 agmine
726 1317 888 1375 obturbabat.

93 1395 187 1450 Larati
216 1395 317 1450 ordines
343 1394 545 1466 abrumpuntur3
575 1413 623 1450 nec
652 1395 754 1450 restitui
784 1396 887 1466 quivere

93 1471 291 1542 impedientibus
315 1471 437 1527 vehiculis
466 1471 658 1542 tormentisque.
707 1472 758 1526 Per
781 1472 887 1528 bmitem
931 1507 934 1514 ·

94 1549 142 1604 rie
161 1553 317 1621 sparguntur
335 1548 498 1604 festinatione
514 1547 676 1604 consectandi
694 1549 811 1604 victores.
848 1551 911 1608 an

94 1625 229 1682 notabilior
253 1627 333 1682 caedes
363 1627 421 1692 fuit,
447 1626 506 1697 quia
528 1625 595 1680 filius
624 1631 722 1696 patrem
750 1626 889 1682 interfecit.

94 1703 160 1758 Rem
184 1703 343 1774 nominaque,
366 1706 470 1758 auctore
494 1703 621 1773 Vipstano
642 1702 761 1768 Messala,
781 1702 912 1757 tradam·

94 1779 180 1834 Julius
192 1780 345 1834 Mansuetus
363 1798 395 1835 ex
407 1779 540 1850 Hispania,
553 1779 651 1848 Rapaci
668 1779 761 1850 legioni
779 1779 889 1845 additus,

95 1855 223 1926 impubem
241 1857 321 1910 filium
340 1855 409 1910 domi
426 1855 542 1926 liquerat.
579 1855 607 1908 Ie
625 1873 684 1910 mox
699 1856 809 1920 adultus,
822 1857 913 1910 inter4

95 1931 279 2001 septimanosa
295 1932 375 1987 Galba
393 1931 561 2002 conscriptus,
580 1930 693 1985 oblatum
710 1932 777 1986 forte
792 1936 891 2002 patrem

96 2011 123 2062 et
140 2005 245 2060 vulnere
261 2011 369 2062 stratum
390 2007 451 2061 dum
473 2007 644 2061 semianimem
664 2011 802 2072 scrutatur,
820 2007 892 2078 agni-

95 2087 141 2138 tus
158 2099 348 2153 agnoscensque
366 2087 393 2138 et
411 2099 566 2152 exsanguem
584 2082 722 2152 amplexus,
736 2101 798 2138 voce
814 2083 892 2139 flebili

96 2158 249 2232 precabatur
266 2159 348 2228 piatos
366 2159 446 2228 patris
464 2175 559 2222 manes,
572 2175 635 2212 neve
652 2175 679 2213 se
694 2171 725 2212 ut
742 2159 891 2230 parricidam

96 2239 291 2309 aversarenture
310 2235 440 2306 publicum
458 2235 485 2288 id
504 2234 602 2289 facinus
612 2256 619 2300 ;
639 2238 665 2290 et
685 2253 765 2290 uuum
785 2235 891 2292 militem

96 2317 202 2384 quotam
226 2311 338 2368 civilium
368 2329 496 2366 armorum
519 2312 639 2382 partem?
670 2312 751 2368 Simul
775 2313 913 2372 attolleret

96 2407 197 2460 corpus,
210 2389 307 2460 aperire
323 2389 435 2454 humum,
450 2405 567 2458 supremo
585 2405 646 2458 erga
663 2393 794 2459 parentem
810 2391 891 2446 officio

96 2467 179 2537 fungi.
224 2465 365 2521 Advertere
388 2465 504 2536 proximi,
526 2463 616 2519 deinde
639 2465 741 2536 plures:
766 2467 826 2522 binc
846 2485 892 2538 per

3 2665 5 2670 .
96 2619 246 2675 exsecratio.
282 2619 339 2675 Neo
351 2637 381 2675 eo
394 2617 498 2691 segnius
510 2617 676 2692 propinquos,
690 2621 784 2687 affines,
798 2619 892 2676 iratres
