2104 3022
292 111 341 160 DE
358 111 585 160 ORATORIBUS
603 113 675 164 7-9.
833 113 880 166 291

85 221 154 292 qnod
176 220 231 276 sine
254 221 474 280 commendatione
497 224 628 290 natalium,
653 224 709 280 sine
736 223 881 281 substantia

84 297 244 365 facultatum,
259 302 351 353 neuter
364 299 478 356 moribus
493 302 621 372 egregins,
634 301 698 356 elter
716 300 807 356 habitu
818 319 881 373 quc-

85 392 134 445 que
150 373 263 445 corporis
279 378 450 446 contemptus,
467 395 513 447 per
525 377 620 433 multos
629 378 682 450 jam
698 395 777 434 ennos
790 382 880 449 poten-

84 450 177 505 tissimi
195 454 256 506 sunt
280 451 391 506 civitatis
413 469 449 518 ae,
470 453 551 509 donec
571 454 654 520 libuit,
675 453 801 525 principes
822 454 878 520 fori,

84 544 152 582 nnnc
176 527 302 598 principes
326 528 353 582 in
377 527 484 584 Caesaris
508 530 620 585 amicitia
643 533 723 602 egum
743 531 880 602 feriuntque

84 607 184 671 cuncte,
196 607 273 675 atque
291 603 322 660 ab
338 605 394 675 ipso
410 605 524 677 principe
540 624 599 662 cnm
615 607 725 678 quedem
736 608 879 664 reverentia

84 679 234 750 diliguntur,
253 680 313 752 quia
330 681 510 752 Vespasianus,
528 683 678 739 venerabilis
698 702 776 739 senex
793 687 820 740 et
837 703 881 756 pa-

84 752 255 812 tientissimus
268 757 329 822 reri,
338 757 402 812 bene
414 758 543 829 intelligit,
553 763 658 814 caeteros
671 760 773 831 quidem
786 762 880 818 amicos

85 849 145 887 suos
156 832 188 888 iis
204 832 253 888 niti
269 851 326 904 qna
344 833 444 902 abipso
459 836 610 905 acceperint,
623 853 728 906 quaeque
746 837 795 906 ipsi
807 855 880 893 accu-

9 969 10 990 W
84 909 181 964 mulene
193 913 220 964 et
231 909 259 963 in
274 909 337 964 aiios
353 927 490 980 congerere
503 915 651 980 promptum
668 915 715 976 est,
729 912 879 968 Marcellum

83 989 168 1039 entem
180 988 208 1039 et
220 985 338 1055 Crispum
351 986 468 1040 attulisse
477 986 509 1040 ad
519 987 655 1042 amicitiam
667 1005 738 1041 suam
751 987 818 1058 quod
827 1007 879 1043 non

83 1060 220 1131 aprincipe
232 1061 383 1131 acceperint,
393 1079 440 1116 nee
452 1062 531 1132 accipi
543 1063 632 1133 possit.
663 1063 799 1117 Minimum
811 1064 903 1120 interd

83 1141 124 1192 tot
136 1155 165 1192 ac
176 1141 250 1193 tenta
257 1137 342 1193 locum
354 1138 470 1193 obtinent
480 1139 602 1210 imagines
614 1158 644 1195 ac
655 1140 726 1195 tituli
738 1144 764 1195 et
776 1145 877 1207 statua,

84 1231 140 1283 quac
155 1231 238 1284 neque
253 1214 309 1284 ipsa
323 1217 410 1268 tamen
425 1215 598 1285 negliguntur,
614 1221 667 1270 tum
684 1216 786 1272 hercule
803 1235 878 1288 quarn

84 1289 179 1345 divitie
199 1294 226 1345 et
247 1307 316 1360 opes,
338 1308 401 1360 quas
421 1290 520 1346 facibus
541 1292 655 1347 invenies
676 1292 719 1364 qui
740 1293 877 1364 vituperet,

84 1383 159 1436 quarn
177 1366 221 1437 qui
238 1365 360 1421 fastidiat.
397 1367 447 1421 His
464 1367 544 1437 igitur
561 1371 587 1422 et
605 1368 743 1424 honoribus
760 1373 786 1424 et
804 1387 878 1424 orne-

84 1443 176 1499 mentis
197 1447 224 1499 et
241 1443 406 1499 facultatibus
424 1443 531 1498 refertas
550 1444 638 1501 domos
659 1464 746 1501 eorum
764 1446 878 1502 videmus

85 1520 176 1591 quise
201 1519 233 1575 eb
256 1521 360 1575 ineunte
384 1519 555 1576 odolescentia
578 1522 661 1578 causis
685 1523 829 1579 forensibus
852 1527 878 1580 et

84 1597 195 1651 oratorio
207 1596 293 1652 studio
305 1595 437 1652 dederunt.

121 1673 214 1727 “Nam
226 1673 336 1728 earmina
347 1677 374 1728 et
385 1691 480 1740 versus,
490 1675 583 1744 quibus
596 1679 678 1732 totam
689 1677 767 1732 vitam
780 1677 877 1732 Mater·
888 1685 906 1738 9

10 1761 11 1792 1
85 1749 880 1823 nusinsumereoptat,(iudeenimomniafluxitoratio,)neque

85 1825 235 1895 dignitatem
246 1825 324 1881 uilem
338 1825 484 1880 auctoribus
500 1828 553 1882 suis
566 1829 701 1883 conciliant
717 1848 799 1899 neque
811 1829 879 1883 utili-

86 1905 152 1957 tates
164 1902 253 1967 elunt3
270 1902 428 1972 voluptatem
440 1905 527 1955 auem
541 1902 651 1969 brevem,
663 1904 763 1959 laudem
779 1905 879 1958 inanem

86 1983 112 2032 et
124 1978 307 2034 infructuosam
320 1981 517 2048 consequuntur.
553 1978 628 2033 Licet
640 1979 694 2034 inec
710 1979 772 2050 ipsa,
785 1983 812 2034 et
824 1989 904 2050 quea

86 2057 204 2128 deinceps
222 2056 337 2112 dicturus
357 2074 421 2121 sum,
435 2074 508 2110 eures
526 2059 586 2121 tua,
605 2057 732 2125 Materne,
749 2061 879 2130 respuant,

86 2133 128 2188 cui
138 2133 205 2188 bono
217 2143 265 2198 est,
279 2152 299 2188 sr
315 2132 383 2203 opud
394 2136 421 2187 te
436 2134 613 2202 Agamemnon
629 2137 674 2188 eut
690 2134 770 2188 Jnson
787 2133 881 2189 diserte

86 2209 218 2279 loquitur?
237 2210 304 2270 Quis
319 2209 376 2264 ideo
394 2209 496 2264 domum
512 2209 633 2264 defensus
649 2213 676 2264 et
690 2210 738 2265 tibi
754 2209 881 2282 obligatus

86 2285 172 2340 redit?
191 2286 257 2345 Quis
274 2285 383 2340 Seleirnn
395 2288 518 2350 nostrum,
532 2285 663 2358 egregium
680 2291 783 2356 poetam
798 2286 846 2352 vel,
860 2287 882 2343 si

10 2413 11 2418 ,
87 2360 135 2415 boc
150 2361 357 2416 honorificentius
374 2365 422 2429 est,
434 2355 653 2431 praeclarissimum
669 2367 763 2428 vatem,
780 2363 882 2419 deducit

87 2441 132 2490 erit
144 2436 240 2491 salutat
257 2440 301 2491 aut
318 2437 499 2507 prosequitur?
519 2437 618 2508 Nempe
631 2438 653 2492 si
669 2439 772 2511 amicus,
787 2440 809 2494 si
825 2453 907 2511 pro-8

87 2512 205 2582 pinquus,
220 2511 239 2566 si
256 2511 364 2583 denique
381 2512 435 2583 ipse
451 2512 479 2567 in
494 2513 595 2584 aliquod
611 2516 742 2586 negotium
758 2516 882 2588 inciderit,

88 2587 204 2643 adhunc
222 2587 366 2643 Secundum
383 2593 566 2658 recurrebant
584 2589 616 2646 ed
634 2595 669 2657 te,
689 2592 815 2658 Materne,
832 2611 884 2647 non

91 2665 150 2734 quie
165 2667 241 2735 poeta
256 2682 292 2731 es,
308 2682 390 2736 neque
406 2668 437 2720 ut
452 2683 499 2737 pro
515 2683 546 2722 eo
561 2684 651 2726 versus
667 2667 759 2724 iacias:
778 2669 807 2724 hi
817 2669 883 2723 enim
