2104 3022
264 123 313 172 DE
331 122 557 172 ostroalaus
576 123 679 170 84-86.
825 127 874 178 alt

80 235 134 303 tur,
145 234 324 290 controversias
334 233 520 289 robustioribus
537 232 706 303 assignantur,
720 234 813 304 quales,
826 253 873 306 per

80 310 164 374 fidem,
177 313 204 366 et
218 328 291 380 quam
310 309 489 364 incredibiliter
507 309 667 378 composita!
688 309 809 377 Sequitur
828 330 873 366 au·

80 390 141 450 tem,
152 389 182 440 ut
191 385 302 440 materia
314 386 484 440 abhorrentia
495 385 603 440 veritate
612 383 759 438 declamatio
771 404 871 458 quoque

81 461 238 517 adhibeatur.
276 461 317 515 Sic
329 462 358 516 lit
374 465 404 515 ut
421 461 636 532 tyrannicidarum
654 461 756 530 premia
772 467 816 516 aut
832 464 896 518 vi·5

81 539 202 592 tiatarum
214 537 349 592 electiones
366 541 411 591 aut
423 537 574 607 pestilentia
588 535 699 590 remedia
715 540 760 590 aut
775 538 873 594 incesta

82 617 202 677 matrum,
227 616 271 667 aut
295 612 415 684 quicquid
437 613 465 666 in
488 613 574 668 schola
598 611 710 682 quotidie
734 614 825 684 agitur,
846 616 874 669 in

82 690 138 744 foro
158 689 200 744 vel
219 706 276 743 raro
300 689 341 744 vel
360 707 497 759 nunquam,
519 689 666 759 ingentibus
686 688 769 744 verbis
790 708 874 760 persa·

82 769 208 836 quantum
228 783 286 820 cum
302 764 423 819 adverus
439 764 537 834 judiees
554 768 660 818 ventum
672 765 690 801 *
701 765 719 801 *
731 766 748 801 *
765 784 819 820 rem
834 785 875 822 co-

7 865 8 878 *
82 841 173 913 gitant,
187 840 251 895 nibil
261 839 357 896 humile
368 840 409 894 rel
421 840 547 910 abjectum
559 839 644 910 eloqui
655 843 764 910 poterat,

124 919 139 947 “
151 918 248 987 Magna
264 915 414 987 eloquentia,
428 917 495 971 sicut
510 917 617 980 flamma,
631 916 739 970 materiis
754 917 831 971 alitur
848 923 874 974 et
884 929 920 981 36

7 1029 8 1034 =
82 993 193 1048 motibus
214 992 340 1048 excitatur
364 995 390 1047 et
414 991 509 1046 urendo
533 992 656 1048 clarescit.
692 992 786 1048 Eadem
808 995 874 1048 ratio

81 1070 109 1124 in
120 1073 208 1124 nostra
220 1087 320 1140 quoque
338 1068 441 1124 civitate
457 1069 618 1140 antiquorum
635 1068 803 1138 eloquentiam
816 1088 874 1140 pro·

81 1146 159 1201 vexit.
195 1145 264 1200 Nam
276 1145 325 1200 etsi
340 1144 430 1199 borum
443 1163 544 1216 quoque
553 1149 704 1220 temporum
720 1151 832 1200 oratores
845 1165 875 1201 ea

7 1257 8 1290 ,
82 1221 211 1277 consecuti
224 1225 292 1286 sunt,
303 1239 359 1292 qua
371 1221 512 1290 composita
523 1225 550 1276 et
562 1221 647 1292 quieta
658 1224 685 1274 et
697 1221 772 1276 beata
783 1222 874 1291 repob-

82 1297 131 1353 lica
141 1297 221 1352 tribui
231 1297 270 1351 ias
288 1300 350 1362 erat,
364 1300 450 1351 tamen
467 1297 510 1352 illa
524 1297 715 1368 perturbatione
731 1315 760 1352 ac
771 1299 875 1352 licentia

83 1374 157 1444 plura
173 1373 221 1428 sibi
239 1373 340 1444 assequi
355 1372 514 1438 videbantur,
528 1391 593 1437 cum,
609 1372 695 1427 mixtis
713 1373 829 1428 omnibus
847 1378 874 1428 et

82 1450 241 1506 moderatore
252 1467 303 1504 uno
313 1449 465 1514 carentibus,
475 1453 576 1503 tantum
588 1449 695 1519 quisque
707 1452 792 1504 orator
804 1468 875 1520 sape·

82 1530 130 1592 ret,
144 1529 266 1596 quantum
278 1525 374 1580 erranti
391 1525 485 1596 populo
501 1524 648 1596 persuaderi
659 1529 767 1596 poterat.
804 1527 898 1590 Hino2

82 1601 151 1672 leges
163 1599 270 1656 assidua
281 1604 308 1656 et
319 1599 441 1671 populare
453 1619 551 1666 nornen,
565 1600 625 1656 binc
636 1601 770 1658 conciones
782 1603 875 1674 magis-

82 1680 196 1732 tratuum
213 1695 285 1748 pene
302 1677 508 1748 pernoctantium
522 1677 550 1734 iu
564 1677 677 1744 Rostris,
695 1679 755 1734 binc
772 1697 875 1735 accusa·

83 1753 166 1808 tiones
183 1753 327 1824 potentium
344 1771 445 1808 reorum
462 1757 489 1808 et
507 1755 642 1824 assignata
663 1755 740 1810 etiam
758 1755 875 1811 domibus

83 1829 228 1894 inimicitia,
245 1830 304 1884 bino
320 1847 453 1900 procerum
469 1829 601 1896 factiones,
613 1833 640 1883 et
656 1830 758 1884 assidua
771 1835 874 1885 senatus

83 1905 202 1960 adversus
214 1905 312 1976 plebem
324 1905 468 1960 certamina.
505 1904 570 1963 Quae
582 1904 682 1972 singula
693 1905 742 1958 etsi
754 1905 899 1968 distrahe-a

83 1981 144 2036 bant
156 1980 344 2051 rempublicam,
356 1979 507 2036 exercebant
519 1982 605 2034 tamen
620 1979 720 2034 illorum
732 1984 875 2050 temporum

83 2055 252 2128 eloquentiam
271 2062 298 2112 et
316 2057 414 2127 magnis
438 2055 566 2111 cumulare
589 2055 698 2126 praemiis
715 2056 873 2124 videbantur,

83 2133 143 2202 quia
161 2136 256 2202 quanto
273 2132 380 2203 quisque
398 2132 455 2202 plus
474 2131 579 2186 diceudo
597 2135 706 2202 poterat,
724 2135 796 2187 tanto
814 2135 875 2190 faei-

82 2208 132 2262 lius
150 2208 258 2262 honores
276 2207 465 2278 assequebatur,
481 2209 554 2261 tanto
571 2207 652 2278 magis
669 2208 697 2262 in
713 2208 775 2277 ipsis
793 2209 873 2266 hono·

82 2284 153 2340 ribus
174 2283 283 2354 collegas
304 2301 363 2338 suos
384 2283 504 2350 anteibat,
521 2285 595 2338 tanto
616 2283 672 2354 plus
693 2284 760 2354 apud
782 2287 875 2355 prinei-

82 2378 127 2430 pes
146 2361 241 2430 gratia,
258 2359 316 2430 plus
334 2359 492 2413 auctoritatis
508 2359 576 2428 apud
593 2363 686 2430 patres,
702 2361 759 2430 plus
776 2362 875 2418 notitiae

84 2454 113 2490 ao
129 2435 238 2489 nominis
256 2435 324 2505 apud
341 2434 437 2505 plebem
454 2433 566 2505 parabat.
603 2436 641 2490 Hi
658 2435 781 2492 clientelis
797 2457 811 2494 e
825 2439 899 2499 lama

83 2515 227 2566 exterarum
246 2511 378 2565 nationum
401 2510 592 2577 redundabant3
611 2511 657 2566 hos
681 2513 743 2567 ituri
766 2514 794 2568 in
816 2534 874 2586 pro-

7 2655 8 2658 *
83 2588 178 2644 vineias
190 2587 355 2658 magistratus
367 2587 555 2652 reverebantur,
569 2588 615 2642 hos
633 2590 728 2644 reversi
740 2590 855 2646 colebant
866 2612 874 2658 3

7 2665 8 2684 ¹
83 2664 129 2718 bos
142 2668 169 2718 et
183 2671 301 2734 praeturae
316 2667 342 2718 et
359 2663 504 2718 consulatus
519 2680 609 2719 vocare
623 2665 692 2720 ultro
708 2666 873 2733 videbantur3
