2086 3026
167 116 215 164 288
501 115 623 164 neem

167 244 218 298 qne
238 225 356 282 οιιιιιιει
375 225 403 280 id
422 243 522 291 nomen,
541 244 573 282 es
591 225 673 297 ςιοιιιι
692 227 743 290 esi,
763 224 787 280 si
804 243 914 282 numeru
931 240 963 284 ιο

168 304 265 360 virbube
276 303 413 358 comitatis
428 302 553 358 emineat:
571 305 730 373 expetuntur
745 302 812 357 enim
827 302 963 373 legebicni·

167 379 224 447 bus,
240 383 268 435 et
283 377 432 434 muneribus
448 382 581 444 ornentur,
601 382 628 433 el
648 378 706 449 ipse
723 379 874 450 plerumque
894 379 964 434 sams

126 455 234 512 l4belle
244 455 389 544 proliigent.
425 455 489 509 (ium
500 457 606 510 venium
617 454 645 509 in
660 453 747 520 eciem,
759 457 843 542 lquc
852 454 962 524 principi

168 532 265 587 virtute
281 531 356 599 vinci,
373 533 450 601 turpe
467 530 601 586 comitatui
619 529 743 586 rirbrbem
762 530 885 601 principis
904 548 959 586 ncn

146 607 308 678 2edequere
343 607 403 661 lem
418 624 480 662 vero
495 605 613 661 inlnme'
606 624 633 660 ιιι
649 623 749 661 omnem
764 606 845 662 vitem
861 624 963 696 sepro-

169 683 279 747 broeum,
305 681 471 752 superstitem
490 681 599 752 principi
619 699 666 736 suo
686 700 718 738 ex
742 682 796 738 ecic
818 683 963 739 moessissc.

169 758 247 814 Illum
263 757 407 826 defendere,
423 758 500 846 tueri,
515 776 563 813 sue
578 775 679 829 quoque
694 757 773 813 furtin
789 759 858 814 isole
875 758 964 829 glorie

169 838 226 904 ejus
238 834 374 906 assignem,
387 833 543 906 precipuum
555 837 741 890 remanentem
751 837 800 890 eei.
830 834 964 904 Principes

148 925 216 982 epto
227 911 334 967 victorie
345 914 469 982 pugnent,
482 911 588 966 comites
599 929 646 982 pro
662 911 784 982 principe.
828 911 855 966 Si
872 911 965 966 civitas

47 981 52 996 '
169 989 197 1044 in
214 1006 265 1059 que
281 987 332 1043 orii
349 990 410 1042 sunt
429 986 507 1058 longe
519 1004 582 1058 pecc
598 990 625 1042 et
645 987 699 1042 ctio
717 989 826 1057 torpent,
847 986 965 1058 plerique
1033 1015 1035 1020 ·

169 1064 292 1120 nobilium
307 1063 611 1133 adolescentiumpebunb
626 1063 695 1118 ultro
711 1081 754 1118 ees
773 1063 890 1118 notiones
906 1081 965 1134 que

170 1145 228 1196 lum
239 1140 332 1196 bellum
344 1138 445 1211 aliquod
458 1142 559 1210 gerunt,
572 1139 632 1210 quic
643 1143 670 1194 et
681 1139 783 1210 ingrete
798 1139 871 1210 genti
882 1140 964 1211 quies,

171 1221 199 1273 eb
210 1217 309 1272 facilius
320 1217 389 1271 inter
400 1215 520 1286 ancipitis
535 1215 685 1282 clnrescum,
700 1233 871 1287 magnumque
886 1215 965 1271 comi·

149 1296 256 1348 4tstum
268 1292 370 1348 nonnbi
380 1292 408 1347 vi
419 1291 536 1362 belloque
547 1294 643 1346 lucere.
679 1291 795 1363 Erigone
809 1293 878 1348 enirn
895 1292 966 1363 prin·

172 1370 236 1439 cipis
247 1370 288 1424 sui
299 1369 451 1424 liberuliisie
463 1367 535 1422 illum
549 1366 697 1423 belletorem
710 1387 811 1439 equum,
824 1367 893 1423 illem
908 1386 965 1424 cru·

172 1443 582 1516 enlsmviciricemqueiremeem.
611 1444 681 1500 Nem
689 1445 769 1516 epuloe
777 1448 811 1510 el,
819 1462 966 1516 quenquam

173 1519 303 1588 incompti,
320 1519 387 1590 largi
401 1525 488 1575 temen
504 1529 641 1591 cppsretus
656 1539 704 1592 pro
719 1521 845 1592 stipendio
859 1520 964 1578 cedunt.

150 1594 284 1649 illaberis
301 1595 480 1650 munificentie
496 1596 624 1666 perbelle
641 1602 669 1652 et
687 1601 783 1668 raptus.
818 1597 875 1652 Nec
893 1615 966 1652 erere

172 1674 267 1725 terrem
286 1673 331 1724 ιιιιι
351 1674 498 1740 exspectare
518 1689 613 1727 annum
631 1677 685 1728 bum
703 1673 778 1729 sseile
800 1673 967 1744 persuaseris,

174 1763 251 1816 quem
267 1763 358 1800 vocure
375 1745 476 1802 bostem
493 1751 520 1802 et
535 1748 641 1804 vulnere
651 1749 750 1804 mereri.
786 1749 893 1820 Pigrum
904 1749 969 1820 quin

172 1821 375 1910 immoleliners
398 1821 500 1878 videtur
523 1824 616 1880 sudore
639 1825 769 1896 acquirere
792 1825 861 1896 quod
884 1825 968 1896 possis

175 1915 299 1970 sunguine
311 1916 423 1970 perere.-

131 1983 166 2037 15
209 1975 318 2036 Quoties
338 1975 406 2032 belle
423 1993 475 2030 ιιοιι
498 1975 595 2042 ineunt,
620 1993 672 2031 non
692 1977 801 2032 mulium
825 1977 970 2043 venatibus,

174 2053 232 2124 plus
244 2071 289 2124 per
300 2053 382 2108 olium
393 2052 547 2123 tmnsimmt,
561 2051 641 2108 dediti
654 2071 743 2108 somno
755 2053 869 2123 ciboque,
882 2053 970 2108 fortis·

174 2130 254 2186 sinim
273 2129 380 2201 quisque
397 2145 427 2184 cc
445 2128 650 2184 bellicosissimus
668 2129 733 2184 nihil
748 2147 833 2200 egens,
852 2128 972 2200 delegetis

174 2206 265 2262 domus
277 2210 304 2261 et
315 2205 444 2275 pembium
457 2210 484 2260 et
496 2222 614 2275 egrotum
626 2223 688 2260 cura
702 2205 802 2260 feminis
814 2205 971 2278 senibusque

175 2285 202 2336 et
222 2283 392 2338 infirmissimo
411 2281 503 2352 cuique
526 2299 559 2336 cx
581 2281 691 2338 femin:
710 2281 761 2352 ipsi
779 2281 882 2348 hebent,
906 2283 973 2338 mire

175 2355 323 2411 diversitate
338 2361 444 2422 miuus,
459 2376 516 2412 cum
528 2356 605 2412 iidem
621 2357 737 2413 homines
755 2357 792 2413 sic
803 2363 890 2413 ament
904 2358 973 2414 iner-

153 2431 237 2484 ciism
250 2435 277 2484 eb
288 2431 388 2486 oderint
404 2433 524 2501 quietem.
560 2433 621 2489 Mos
637 2437 677 2490 est
693 2433 840 2490 οιιιιιιιιιιιιε
855 2433 928 2490 ιιιιιο
943 2452 974 2490 ec

176 2505 273 2558 viritim
284 2505 398 2558 mulene
407 2507 562 2576 principibus
572 2508 612 2564 vel
623 2514 794 2566 umentorum
806 2510 847 2565 vel
858 2509 974 2581 frugum,

175 2577 250 2646 quod,
257 2594 304 2646 pro
310 2577 406 2632 honore
413 2587 552 2650 acceptum
560 2584 637 2640 etiem
642 2586 838 2642 neccssrtetrbus
844 2586 975 2646 subvenit

153 2649 297 2706 ffifludffli
308 2652 434 2721 Pfflcipue
449 2655 614 2716 finitimarum
627 2663 744 2731 gentium
755 2661 837 2730 donis,
849 2681 908 2735 que
922 2681 978 2722 non
