2070 3204
88 402 114 442 A.
124 404 200 454 ΜΝ
278 341 529 390 HISTORIARUM
550 343 569 391 Ι.
587 345 689 391 50-52,
852 343 883 391 29

91 460 182 513 tractae
206 455 324 526 legiones,
350 475 427 527 seque
451 461 477 511 et
506 457 600 512 Gallias
628 459 746 526 expertae,
773 474 885 528 quarere

93 551 195 587 rursum
208 551 277 586 arma
287 551 416 604 novasque
434 533 572 588 discordias
584 553 590 598 ;
608 552 655 588 nec
673 535 762 600 socios,
775 540 805 589 ut
818 535 885 596 olim,

95 609 243 664 sedbostes
260 610 383 664 strictos
402 611 533 666 vocabant.
570 611 627 665 Nec
645 610 732 666 deerat
751 631 809 682 pars
828 609 912 665 Gal-⁵

94 685 193 751 liarurn,
218 705 274 756 qnae
298 687 417 741 Rhenum
442 688 539 752 accolit,
565 687 665 742 easdem
686 685 772 758 partes
793 690 888 754 secuta,

96 779 125 816 ac
143 767 199 816 tum
217 762 339 817 acerrima
354 763 501 834 instigatrix
519 763 654 818 adversum
672 765 822 819 Galbianos:
841 765 890 818 hoc

96 839 163 894 enim
180 857 274 893 nomen
291 839 406 893 fastidito
424 839 533 894 Vindice
552 839 703 894 indiderant.
740 841 826 912 Igitur
847 840 913 894 Seu

96 915 187 986 quasis
199 914 340 986 AEduisque
353 933 382 969 ao
395 915 493 984 deinde,
511 920 588 986 prout
601 916 731 986 opulentia
743 916 890 971 civitatibus

95 991 160 1056 crat,
173 991 273 1056 infensi,
287 992 487 1062 expugnationes
499 993 608 1057 urbium,
626 993 891 1063 populationesagro-

97 1087 163 1132 rum,
176 1073 265 1138 raptus
277 1070 407 1138 penatium
416 1071 556 1124 hausenmt
569 1071 660 1134 animo,
675 1089 750 1140 super
760 1070 890 1124 avaritiam

98 1149 125 1199 et
144 1145 322 1216 arrogantiam,
340 1146 466 1217 praecipua
483 1147 634 1200 validiorum
650 1147 719 1214 vitia,
732 1145 892 1200 contumacia

99 1221 230 1276 Gallorum
247 1221 348 1289 irritati,
367 1223 411 1292 qui
428 1223 559 1277 remissam
578 1223 626 1278 sibi
644 1241 659 1276 a
678 1223 758 1277 Galba
775 1227 892 1293 quartam

99 1298 254 1352 tributorum
273 1302 372 1368 partem
390 1303 416 1353 et
435 1299 535 1367 publice
553 1298 660 1353 donatos
684 1299 711 1352 in
729 1298 890 1368 ignominiam

100 1375 227 1429 exereitus
238 1374 377 1444 jactabant.
413 1375 530 1430 Accessit
543 1374 631 1429 callide
644 1374 783 1444 vulgatum,
797 1377 916 1428 temeret

90 1451 234 1516 creditum,
248 1450 367 1506 decimari
378 1451 491 1523 legiones
504 1456 530 1506 et
542 1451 757 1522 promptissimum
768 1467 893 1521 quemque

101 1528 278 1583 centurionum
291 1527 392 1582 dimitti.
429 1528 550 1599 Undique
567 1531 664 1582 atroces
681 1527 772 1592 nuntii,
791 1527 919 1581 sinistras

18 1611 21 1618 “
99 1609 134 1660 'ex
145 1604 209 1659 urbe
216 1605 298 1670 fama;
311 1605 411 1658 infensa
419 1605 602 1675 Lugdunensis
612 1605 716 1670 colonia,
727 1607 760 1668 et,
771 1601 894 1675 pertinaci

101 1699 148 1752 pro
165 1681 269 1735 Nerone
284 1680 341 1746 fide,
357 1681 466 1735 fecunda
483 1681 634 1736 rumoribus.
672 1680 722 1735 Sed
738 1680 846 1751 plurima
862 1678 918 1733 ad9

101 1757 247 1828 fingendum
260 1757 463 1828 credendumque
475 1759 592 1812 materies
604 1759 631 1812 in
643 1757 705 1827 ipsis
718 1756 815 1823 castris,
827 1755 892 1820 odio,

102 1839 181 1898 metu,
200 1839 226 1888 et
245 1833 289 1888 ubi
307 1834 373 1888 vires
392 1852 451 1888 suas
469 1837 639 1904 respexerant,
660 1834 803 1888 securitate.
841 1832 894 1887 Sub
904 1829 941 1882 52

102 1911 170 1982 ipsas
189 1911 324 1982 superioris
343 1911 402 1965 anni
420 1910 548 1965 Kalendas
566 1910 720 1966 Decembres
743 1909 827 1963 Aulus
850 1908 895 1962 Vi-

102 1987 188 2042 tellius
212 1987 357 2042 inferiorem
381 1987 540 2042 Germaniam
564 1987 703 2058 ingressus,
728 1985 834 2040 hiberna
860 1984 896 2038 le·

103 2064 206 2135 gionum
224 2081 282 2117 oum
299 2081 360 2118 cura
376 2063 480 2117 adierat.
516 2063 622 2117 Redditi
640 2063 767 2133 plerisque
786 2061 920 2125 ordines,2

102 2139 209 2194 remissa
220 2139 365 2209 ignominia,
379 2137 492 2193 allevatse
504 2146 578 2204 notae,
592 2139 666 2209 plura
675 2139 818 2202 ambitione,
830 2155 896 2208 quse-

103 2215 163 2269 dam
185 2213 288 2282 judicio,
310 2214 450 2284 inquibus
475 2214 574 2268 sordem
596 2218 622 2268 et
644 2214 775 2268 avaritiam
795 2213 897 2268 Fonteii

104 2292 237 2362 Capitonis
262 2291 400 2346 adimendis
425 2291 615 2362 assignandisve
639 2292 737 2345 militiae
765 2291 896 2346 ordinibus

103 2371 204 2440 integre
216 2371 367 2422 mutaverat.
404 2367 461 2421 Neo
473 2367 612 2421 consularis
625 2367 703 2438 legati
713 2385 837 2432 mensura,
852 2367 921 2422 sed3

104 2447 132 2501 in
150 2445 230 2515 majus
249 2444 334 2498 omnia
351 2442 547 2514 accipiebantur.
584 2443 619 2497 Et
638 2447 666 2498 at
684 2442 805 2498 Vitellius
830 2444 897 2515 apud

105 2539 207 2577 severos
225 2520 335 2588 humilis,
353 2521 391 2574 ita
409 2521 554 2575 comitatem
572 2519 764 2590 bonitatemque
782 2521 897 2576 faventes

104 2597 238 2664 vocabant,
264 2597 332 2668 quod
350 2596 503 2662 anamodo,
523 2597 577 2652 sine
593 2597 688 2668 judicio
713 2596 819 2652 donaret
843 2617 896 2662 sua,

105 2674 242 2744 largiretur
259 2675 354 2741 aliena;
373 2673 449 2729 simul
467 2673 588 2728 aviditate
605 2673 745 2744 imperandi
763 2675 818 2744 ipsa
836 2673 899 2728 vitia
930 2687 932 2691 ·

105 2769 153 2822 pro
166 2750 303 2806 virtutibus
316 2750 556 2822 interpretabantur.
593 2751 673 2805 Multi
689 2751 717 2804 in
728 2753 838 2819 utroque
856 2753 923 2802 err-4

106 2827 196 2892 ercitu,
221 2827 288 2882 sicut
311 2827 420 2882 modesti
444 2827 581 2898 quietique,
603 2827 641 2880 ita
663 2826 721 2880 mali
744 2829 771 2879 et
792 2823 897 2878 streuui.

108 2902 159 2958 Sed
179 2903 283 2974 profusa
302 2903 419 2974 cupidine
440 2906 467 2957 et
487 2902 581 2972 insigni
601 2902 746 2956 temeritate
767 2898 845 2969 legati
865 2897 898 2950 le-
