2096 3038
74 247 101 288 Δ
111 247 136 288 D·
145 247 188 296 Μ
245 183 499 234 HISTORIARUM
516 183 569 233 111.
586 184 689 233 oo-ss.
818 181 864 233 14⁸

73 297 163 352 arbem
186 295 255 352 exire
278 296 341 352 de'
333 295 446 368 rmpan‘o
482 294 556 351 Nihil
577 294 630 352 tole
651 296 777 366 siderant,
800 297 865 356 nibil

74 373 213 429 audierant.
256 373 438 445 Repentina'
413 391 452 429 rra
464 372 613 430 diotatorem
626 371 753 428 Cesaram
763 387 866 444 oppres·
856 381 894 430 -1

73 454 150 516 serat,
176 450 283 506 oaenltae
312 451 404 506 Caium
424 450 539 514 insidim3
565 465 618 504 nox
638 452 665 504 et
685 449 803 520 ignotum
822 466 868 504 ans

73 527 162 598 lugam
177 527 288 582 Neronis
305 525 504 593 absconderant3
522 525 584 581 Piso
602 527 630 580 et
650 525 730 580 Galba
746 538 869 596 tanquam

73 603 102 660 in
126 604 179 659 aoie
202 603 323 660 meidare.
367 603 401 658 In
428 621 476 658 aaa
498 602 619 658 eonoione
642 601 770 667 Vitellius,
801 601 894 660 intera

73 698 136 736 suos
153 680 254 746 milites,
273 679 495 751 prospectantibus
518 678 596 734 etiam
613 677 722 744 feminis,
743 695 825 749 panea
841 680 869 733 at

74 757 196 826 presenti
206 756 334 812 mestitia
350 754 519 824 oongrnentia
532 754 642 820 loeutus,
656 753 745 810 oedere
760 771 788 810 se
799 755 869 828 paols

74 837 103 888 et
120 832 264 902 reipublioa
280 832 531 888 eausa-retinerent
542 835 644 886 tentum
661 833 809 887 memoriam
820 832 869 898 sal,

75 909 231 980 fratremque
243 913 270 964 et
282 909 417 980 conjugem
429 911 456 963 et
470 909 601 964 innoxiam
617 907 753 963 liberorum
769 911 871 964 atatem

75 985 300 1052 miserarentur-‚
312 983 388 1039 simul
404 983 484 1037 lilium
500 982 661 1054 protendens,
675 981 750 1038 modo
761 983 871 1055 singulis

76 1059 153 1114 modo
176 1059 302 1114 universis
326 1058 512 1124 oommendans,
537 1062 667 1128 postremo
689 1059 754 1114 fletu
776 1077 872 1130 praepo·

76 1135 172 1200 diente,
192 1135 327 1190 adsistemi
344 1133 444 1190 oonsnli
463 1133 592 1203 (Gaoilius
611 1133 724 1205 Simplex
741 1138 816 1203 erat)
828 1152 872 1189 ex·

77 1210 192 1266 solutum
212 1211 327 1266 elabere
347 1209 493 1281 pugionem,
511 1209 581 1266 velut
601 1212 647 1279 jas
670 1210 740 1266 neeis
763 1211 873 1281 vitasque

76 1287 179 1353 civium,
201 1286 331 1342 reddebat.
367 1289 528 1357 aspernante
545 1286 657 1355 oonsnle,
678 1287 898 1344 redamantibus*

77 1365 123 1436 qui
140 1364 167 1419 in
184 1363 305 1420 oonoione
322 1362 484 1430 adstiterunt
501 1366 532 1417 at
549 1363 577 1417 in
594 1361 647 1418 aede
666 1363 815 1422 Oonoordia
829 1381 873 1435 po

76 1442 175 1496 siturus
198 1440 308 1510 insignia
330 1440 438 1511 imperii,
458 1439 611 1510 domumque
634 1439 721 1496 fratris
742 1441 871 1512 petiturus

76 1517 203 1574 disoessit.
238 1517 324 1588 Major
347 1517 389 1572 hio
409 1516 505 1572 elamor
527 1515 707 1572 obsistentium
737 1517 897 1588 penatibuas

77 1595 192 1664 priuatis,
214 1594 242 1648 in
264 1593 393 1649 Palatium
412 1593 566 1648 sonantium.
611 1593 783 1650 Interclueam
804 1595 873 1650 alind

77 1671 135 1736 iter,
161 1671 238 1742 idque
266 1670 349 1725 solum
379 1669 448 1740 quad
475 1670 503 1724 in
532 1669 636 1724 Saaram
660 1671 727 1726 viam
754 1673 873 1744 pergeret

78 1745 190 1817 patebat.
226 1749 292 1801 llum
303 1746 404 1802 oonsilii
415 1747 489 1818 inops
500 1746 528 1802 in
546 1745 674 1801 Palatium
685 1746 769 1802 rediit.
805 1748 897 1811 Prae-q

78 1829 184 1878 venerat
200 1839 287 1876 rumor
304 1823 400 1891 ejurari
420 1822 452 1878 ab
472 1839 504 1877 ao
524 1822 667 1892 imperium,
688 1827 876 1894 scripseratque

78 1898 184 1952 Flavius
197 1896 306 1951 Sabinus
318 1898 462 1954 eohortinm
478 1897 591 1952 tribunis
608 1901 639 1950 nt
656 1899 763 1954 militem
774 1899 876 1953 adhibe-

79 1977 147 2027 reat.
183 1971 269 2041 Igitur
285 1976 407 2042 tanquam
425 1973 507 2028 omnis
526 1971 669 2042 respublioa
686 1974 714 2030 in
725 1973 877 2044 Vespasiani
883 1983 921 2036 69

79 2049 166 2103 sinum
186 2046 313 2111 oessisset,
334 2048 457 2117 primores
477 2053 582 2103 senatus
601 2052 628 2102 et
649 2049 764 2120 plerique
786 2067 877 2118 eques·

79 2124 129 2180 tris
144 2121 240 2178 ordinis
256 2123 389 2193 omnisque
405 2123 478 2180 milas
492 2125 606 2182 urbanus
622 2130 650 2182 et
666 2124 756 2194 vigiles
772 2123 877 2178 domum

80 2199 164 2256 Flavii
185 2198 273 2254 Sabini
292 2198 458 2269 complevere.
496 2201 562 2258 Illae
582 2201 615 2258 de
639 2199 732 2256 stadiis
755 2199 827 2274 vulgi
849 2203 877 2255 et

80 2277 156 2332 minis
170 2275 376 2331 Gennaniearam
390 2276 536 2332 eohortium
550 2279 663 2334 affertur.
700 2276 813 2347 longina
824 2276 899 2348 joma

80 2371 232 2424 progressus
250 2355 306 2407 erat
322 2369 397 2423 quam
415 2355 445 2408 ut
462 2353 563 2424 regredi
578 2357 680 2426 posset;
702 2357 729 2408 et
747 2371 793 2408 suo
809 2353 877 2423 quis·

81 2447 132 2499 qne
148 2432 232 2492 metu*
244 2445 277 2482 ne
292 2428 413 2500 disjectos
431 2445 512 2501 eoque
528 2431 612 2486 minus
630 2429 728 2486 validos
745 2428 878 2485 Vitelliani

81 2508 297 2570 aonseatarentnr‚
310 2509 473 2562 annotantem
485 2507 513 2561 in
526 2525 597 2564 arma
607 2505 779 2578 impellebant.
817 2506 901 2572 seda

82 2581 152 2653 qnod
168 2582 197 2637 in
210 2581 334 2652 ejusmodi
349 2581 426 2638 rebus
443 2583 543 2650 aoeidit,
561 2585 695 2640 eonsilium
712 2583 743 2639 ab
759 2582 878 2639 omnibus

82 2657 172 2712 datum
193 2662 240 2723 est,
261 2658 403 2729 perieulum
423 2660 498 2730 panai
519 2679 658 2734 sumpsere.
699 2660 776 2716 Cinea
793 2658 879 2714 baum

83 2734 201 2790 limdani
224 2733 442 2804 daeaandentibns,
468 2735 513 2810 qni
536 2738 659 2796 &buram
681 2734 880 2798 annitebantur,

117 2821 277 2861 flma'l'omll
