2070 3204
75 408 101 448 ,ΔΙ
113 409 138 448 D.
149 409 191 459 ea]
265 347 519 397 HISTORIARUM
537 348 557 396 1.
577 348 680 400 at-al.
840 347 868 398 17

74 464 116 513 est
129 463 182 522 ant,
196 459 265 530 quod
276 460 348 530 aque
365 460 433 531 apud
448 460 528 516 bonos
544 459 665 514 miserum
681 460 728 522 est,
746 457 868 512 occidere.

75 535 201 590 Solatirrm
217 535 328 605 proximi
339 540 424 591 motus
442 537 598 591 habebamus
610 536 767 590 incruentam
780 533 892 588 nrbemt

74 616 102 666 et
121 629 162 666 res
180 611 235 665 sine
253 611 379 667 discordia
395 613 539 668 translatas.
576 611 711 666 Provisum
734 610 870 680 adoptione

68 687 219 752 ¹videbatur,
232 691 262 742 nt
274 705 306 742 ne
317 691 376 758 post
389 688 494 744 Galbam
513 687 614 759 quidem
625 687 692 742 bello
709 686 781 742 locus
794 691 869 740 esset.

75 763 151 817 Nihil
165 763 290 834 arrogabo
306 764 369 818 mibi
385 763 525 819 nobilitatis
544 768 589 818 aut
603 763 741 818 modestia.
778 763 871 833 Neque
879 767 917 821 30

76 839 145 893 enim
162 839 246 892 relatu
263 838 388 893 virtutum
411 839 439 894 in
462 839 649 909 comparatione
673 839 783 892 Othonis
807 856 871 909 opus

76 919 126 970 est.
163 915 242 979 Vitia,
263 915 354 985 quibus
371 915 432 970 solis
450 916 582 986 gloriatur,
599 915 738 970 everterei
782 915 895 979 erium‚2

76 993 156 1047 etiam
174 1010 233 1046 curn
251 993 360 1046 amicum
377 993 537 1063 imperatoris
555 999 650 1062 ageret.
686 991 756 1046 Habr
771 1010 820 1046 une
846 997 872 1046 et

76 1069 187 1136 incessu,
206 1085 239 1122 an
256 1068 299 1122 illo
317 1067 434 1123 muliebri
451 1073 543 1123 ornatu
560 1071 700 1122 mereretur
717 1068 872 1138 imperium?

77 1145 203 1199 falluntur
226 1144 319 1215 quibus
343 1145 444 1199 luxuria
467 1145 550 1216 specie
573 1144 732 1199 liberalitatis
756 1144 872 1215 imponit.

78 1221 191 1276 Perdere
215 1221 264 1276 iste
288 1221 360 1286 sciet,
385 1221 479 1276 donam
499 1221 603 1276 nesciet.
641 1221 736 1290 Stupro
756 1239 825 1274 nunc
846 1227 896 1276 ets

79 1297 270 1352 comissationes
288 1301 315 1352 et
333 1297 484 1352 feminarum
502 1301 583 1351 coetus
601 1296 681 1350 volvit
699 1296 799 1350 animo:
819 1298 873 1351 haec

79 1374 238 1445 principatus
256 1373 359 1443 praemia
375 1377 458 1444 putat,
478 1391 586 1444 quorum
609 1372 687 1427 libido
705 1390 735 1426 ac
755 1372 873 1442 voluptas

80 1467 159 1521 penes
170 1451 254 1520 ipsum
267 1449 308 1513 sit,
321 1449 400 1504 rubor
409 1467 438 1504 ac
451 1448 560 1504 dedecus
569 1466 646 1520 penes
658 1465 753 1502 omnes.
790 1448 897 1502 Nemot

81 1525 149 1580 enim
160 1543 272 1596 unquam
283 1525 418 1594 imperium
433 1525 530 1596 flagitio
543 1525 679 1595 quaesitum
691 1523 764 1579 bonis
776 1524 873 1578 artibus

80 1601 202 1657 exercuit.
238 1601 344 1656 Galbam
356 1619 494 1656 consensus
507 1601 606 1674 genens
616 1601 727 1666 hnmani,
740 1619 780 1656 me
793 1600 896 1656 cubas

80 1677 299 1734 consentientibus
317 1677 389 1733 robis
408 1679 534 1734 Caesarem
552 1678 626 1734 dixit.
664 1679 750 1732 Sires
774 1677 875 1748 publica

80 1759 108 1810 et
120 1758 223 1808 senatus
235 1757 262 1808 et
276 1754 385 1825 populus
401 1773 482 1810 vacua
496 1755 598 1810 nomina
614 1758 682 1819 sunt,
699 1758 792 1819 vestra,
809 1771 874 1808 oom-

81 1831 218 1896 militones‚
243 1831 351 1886 interest
374 1849 407 1886 ne
434 1831 612 1902 imperatorem
640 1830 743 1902 pessimi
771 1830 873 1885 iaciant.

82 1907 226 1977 Legionum
244 1906 336 1961 seditio
354 1907 475 1962 adversus
494 1907 571 1964 duces
590 1924 650 1962 suos
668 1905 755 1961 audita
772 1910 812 1960 est
831 1905 897 1960 ali-d

83 1982 201 2053 quando:
220 1989 307 2038 vestra
328 1983 392 2039 tides
416 1984 533 2054 famaque
556 1983 635 2039 illesa
659 1982 692 2037 ad
716 1983 785 2037 buno
808 1981 875 2036 diem

83 2059 184 2112 mansit.
221 2059 257 2113 st
269 2059 341 2114 Nero
359 2077 459 2130 quoque
471 2079 516 2114 vos
528 2059 654 2124 destituit,
673 2077 724 2113 non
736 2077 782 2114 vos
794 2058 898 2124 Nero-7

84 2153 149 2190 nem.
187 2135 275 2189 Minus
298 2134 406 2206 triginta
429 2135 569 2207 transfugae
593 2139 620 2189 et
644 2135 793 2199 desertores,
812 2151 876 2204 quos

84 2210 259 2265 centurionem
277 2215 322 2264 ant
339 2209 470 2264 tribunum
489 2211 538 2265 sibi
555 2211 678 2281 eligentes
696 2229 771 2265 nemo
789 2211 875 2275 terret,

84 2285 219 2357 imperium
231 2285 415 2356 assignabunt?
434 2287 568 2340 admittitis
578 2287 740 2357 exemplum?
759 2291 783 2340 et
795 2287 877 2356 quies·

85 2361 165 2418 cando
175 2379 307 2416 commune
316 2362 411 2416 crimen
420 2361 524 2416 facitis?
541 2361 704 2417 transcendet
714 2363 878 2417 baeclicentia

84 2439 113 2494 in
135 2437 292 2508 provincias;
317 2441 344 2491 et
365 2437 398 2492 ad
421 2455 467 2492 nos
491 2437 614 2492 scelernm
638 2439 731 2506 exitus,
754 2437 881 2494 bellorum

87 2513 119 2568 ad
141 2531 186 2568 vos
210 2513 381 2583 pertinebunt.
425 2514 482 2569 Nec
506 2517 546 2569 est
567 2513 624 2585 plus
648 2513 717 2585 quod
740 2533 786 2586 pro
810 2515 900 2577 cedes

86 2589 207 2660 principis
220 2607 295 2659 quam
308 2589 376 2661 quod
392 2590 569 2646 innocentibus
586 2590 669 2656 datur,
683 2589 728 2645 sed
740 2592 844 2662 perinde
863 2611 879 2646 a

87 2666 159 2721 nobis
177 2665 325 2720 donativum
343 2665 375 2721 ob
393 2666 468 2722 tidem
486 2685 560 2737 qnam
580 2667 612 2723 ab
630 2667 685 2722 aliis
702 2685 749 2738 pro
766 2669 879 2724 facinore

87 2742 242 2812 accipietis.'’
278 2742 391 2813 Dilapsis
403 2743 612 2814 speculatoribus,
629 2748 714 2799 cetera
726 2745 815 2798 cobors
827 2751 922 2806 nonal

88 2821 221 2888 aspernata
232 2819 431 2884 concionantem,
448 2823 479 2873 ut
490 2819 601 2874 turbidis
619 2819 695 2874 rebus
708 2819 800 2886 evenit,
812 2819 879 2872 forte

89 2894 168 2966 magis
186 2898 213 2948 et
230 2893 300 2949 nullo
316 2894 399 2950 adhuc
415 2895 520 2950 consilio
536 2899 609 2964 parat
625 2895 699 2965 signa
715 2913 794 2964 wass,
811 2891 880 2962 quod

116 2987 173 3026 nnc..
180 2989 238 3018 rori.
248 2988 273 3020 rr.
474 2987 489 3024 ο
