2096 3038
143 91 190 138 rao
479 73 600 137 ‘rucrnr

777 145 941 198 mmmm

119 199 248 272 sprovisu
268 197 401 272 juvabant.
437 198 535 254 Eadem
558 201 668 268 utruque
695 195 750 252 acie
777 215 862 263 arma;
886 215 944 252 cre-

144 277 196 332 bris
209 274 451 348 interrogationibus
468 279 559 330 notum
570 291 663 345 pugna
679 273 796 344 signnm
815 273 945 344 permixta

144 353 245 418 vexilla,
264 358 295 406 ut
313 353 421 424 quisque
438 351 529 422 globus
547 355 622 422 capta
642 367 675 404 ex
692 349 808 404 hostibus
826 349 877 406 huc
900 350 947 405 vel

144 430 205 484 illuc
234 430 359 500 raptabat.
407 428 575 498 Urguebatur
601 427 711 482 maxime
734 426 843 497 septima
865 426 945 497 legio,

122 513 255 576 §nupera
272 507 353 560 Galba
369 505 519 576 conscripta.
557 504 643 558 Occisi
658 521 704 558 sex
719 503 859 574 primorum
874 503 951 558 ordi·v

145 601 208 636 num
225 583 393 647 centuriones,
410 582 516 652 abrepta
531 580 647 652 quaedam
664 580 753 652 signa:
773 581 854 649 ipsam
871 580 946 650 aqui·
1043 607 1044 618 κ

145 659 195 714 lam
213 660 308 714 Atilius
327 660 420 724 Verus,
435 659 555 730 primipili
572 658 695 723 centurio,
713 658 794 712 multa
810 675 868 712 cnm
885 658 946 713 hos·

146 737 210 791 tium
236 739 333 808 strage,
358 741 386 790 et
415 737 451 810 ud¹
471 741 614 791 extremum
641 735 759 801 moriens,
789 737 945 790 servaverat.

102 805 140 859 23
148 812 276 868 Sustinuit
291 811 419 870 lebentem
434 814 513 868 aciem
528 813 657 868 Antonius
673 812 761 868 accitis
775 811 951 882 praetorianis.-

148 889 202 948 Qui
213 888 258 944 ubi
274 907 396 960 excepere
408 907 527 960 pugnarn,
539 889 637 960 pellunt
648 889 756 954 hostem,
776 887 835 942 dein
846 888 946 959 pellun-

126 969 198 1022 2tur.
247 966 366 1038 Namque
389 966 521 1021 Vitelliani
544 969 673 1022 tormenta
695 966 723 1020 in
749 982 867 1036 aggerem
895 965 946 1020 viae
1043 1007 1044 1014 ,

148 1042 317 1109 contulerant,
338 1046 367 1098 ut
385 1042 438 1098 tela
454 1060 534 1098 vacuo
552 1046 629 1113 atque
647 1045 736 1112 aperto
753 1045 951 1108 excuterentur,-

149 1118 263 1192 dspersa
287 1120 368 1191 primo
393 1123 420 1175 ct
445 1119 556 1175 arbustis
575 1120 630 1175 sine
650 1119 761 1174 hostium
783 1137 851 1174 noxa
870 1118 945 1172 illisa.

148 1197 329 1269 Magnitudinc
353 1197 445 1252 eximia
468 1197 563 1268 quintae
587 1195 690 1252 decimae
713 1195 820 1266 legionis
844 1195 947 1250 ballista

128 1273 296 1345 tingentibus
321 1275 388 1328 saxis
412 1273 531 1328 hostilem
551 1273 629 1328 aciem
647 1271 792 1342 proruebat.
828 1271 946 1342 Lateque

150 1351 247 1406 cladem
265 1351 419 1418 intuhssent‚
443 1351 470 1405 ni
494 1350 544 1405 duo
565 1350 660 1406 milites
681 1349 828 1420 praeclarum
846 1349 945 1404 facinus

151 1427 214 1490 ausi,
233 1427 340 1496 arreptis
355 1445 370 1481 e
388 1431 475 1498 strage
492 1427 572 1482 scutis
588 1427 707 1498 ignorati,
726 1426 808 1481 vincla
826 1444 855 1480 ac
872 1425 947 1480 libra·

129 1497 238 1558 lmenta
249 1506 433 1557 tormentorum
446 1502 620 1559 abscidissent.
657 1503 750 1558 Statim
759 1503 946 1568 confessisunt,

152 1595 234 1648 eoque
257 1578 408 1633 intercidere
430 1579 547 1633 nomina:
567 1579 598 1634 de
619 1581 688 1634 sacto
711 1579 780 1634 hand
800 1579 945 1650 ambigitur.

152 1655 255 1709 Neutro
272 1653 437 1709 inclinaverat
458 1655 568 1720 fortuna,
588 1655 668 1711 donee
685 1655 773 1711 adulta
790 1659 866 1710 nocte
886 1656 948 1710 luna

130 1736 260 1801 usurgens
284 1729 429 1785 ostenderet
454 1731 527 1794 acies,
543 1731 700 1804 falleretque.
746 1732 797 1788 Sed
820 1733 947 1788 Flavianis

153 1807 249 1878 aequior
272 1825 288 1862 a
310 1809 400 1878 tergo;
424 1807 484 1863 hinc
504 1809 613 1880 majores
637 1828 762 1880 equorum
785 1811 947 1878 virorumque

152 1881 256 1949 umbrae,
274 1887 301 1939 ct
312 1883 384 1949 falso,
397 1887 428 1940 ut
442 1885 470 1939 in
487 1902 600 1956 corpora,
619 1886 674 1941 ictu
689 1887 742 1942 tela
756 1887 869 1941 hostiurn
883 1886 949 1940 citra

153 1961 294 2018 cadebant:
313 1960 445 2016 Vitelliani
462 1961 567 2018 adverso
586 1962 681 2018 lumine
699 1963 860 2028 collucentes,
877 1963 948 2017 velut

109 2039 186 2095 24ex
203 2038 303 2095 occulto
323 2037 503 2109 jaculantibus,
521 2039 618 2094 incauti
641 2039 819 2094 offerebantur.
862 2039 949 2110 igitur
1042 2091 1044 2116 r

154 2116 290 2182 Antonius,
314 2115 360 2170 ubi
383 2121 488 2172 noscere
512 2133 572 2170 suos
600 2115 721 2187 noscique
745 2119 854 2186 poterat,
886 2115 950 2171 alios·
1043 2141 1044 2156 r

153 2193 251 2264 pudore
274 2195 301 2248 et
324 2193 431 2264 probris,
459 2191 553 2248 multos
575 2191 649 2248 laude
673 2196 700 2248 et
723 2192 836 2258 hortatu,
861 2211 949 2248 omnes

155 2287 200 2340 spe
217 2269 398 2339 promissisque
414 2267 560 2334 accendens,
574 2269 589 2298 “
602 2287 648 2324 cur
663 2287 766 2324 rursum
782 2269 949 2340 sumpsissent

155 2345 250 2407 arma,”
268 2344 427 2399 Pannonicus
447 2344 562 2415 legiones
582 2345 772 2417 interrogabat:
791 2345 876 2400 “illos
894 2363 950 2400 esse

153 2420 257 2489 'campos
280 2421 308 2473 in
331 2419 423 2488 quibus
451 2419 550 2475 abolere
577 2421 660 2476 labem
683 2422 775 2492 prioris
795 2421 948 2491 ignominia,

134 2495 202 2550 aubi
222 2511 374 2563 recuperare
397 2493 502 2564 gloriam
525 2499 655 2566 possent.”
690 2498 756 2552 Tuum
774 2497 806 2552 sd
829 2497 950 2552 Moesicos

157 2585 294 2624 conversus
316 2568 442 2638 principes
466 2569 632 2644 auctoresque
655 2573 714 2629 belli
737 2573 835 2628 ciebat:
857 2569 949 2628 “irus-

157 2645 200 2700 tia
219 2643 293 2699 minis
314 2647 341 2699 ct
361 2643 444 2700 verbis
465 2653 616 2716 provocatos
636 2649 795 2715 Vitellianos,
817 2649 948 2705 siruauu's·
1043 2645 1044 2648 ’
