<?xml version="1.0" encoding="UTF-8"?>
<!DOCTYPE html PUBLIC "-//W3C//DTD XHTML 1.0 Transitional//EN"
    "http://www.w3.org/TR/xhtml1/DTD/xhtml1-transitional.dtd">
<html xmlns="http://www.w3.org/1999/xhtml" xml:lang="en" lang="en">
 <head>
  <title>
</title>
<meta http-equiv="Content-Type" content="text/html;charset=utf-8" />
  <meta name='ocr-system' content='tesseract 3.04.00' />
  <meta name='ocr-capabilities' content='ocr_page ocr_carea ocr_par ocr_line ocrx_word'/>
</head>
<body>
  <div class='ocr_page' id='page_1' title='image "./opera01tacigoog_0232.png"; bbox 0 0 2086 3026; ppageno 0'>
   <div class='ocr_carea' id='block_1_1' title="bbox 87 137 880 255">
    <p class='ocr_par' dir='ltr' id='par_1_1' title="bbox 87 137 880 255">
     <span class='ocr_line' id='line_1_1' title="bbox 87 137 880 255; baseline -0.008 -61"><span class='ocrx_word' id='word_1_1' title='bbox 87 207 107 248; x_wconf 54' lang='grc' dir='ltr'><strong>Δ</strong></span> <span class='ocrx_word' id='word_1_2' title='bbox 122 206 141 246; x_wconf 82' lang='lat'><strong>1&gt;</strong></span> <span class='ocrx_word' id='word_1_3' title='bbox 157 205 199 255; x_wconf 63' lang='lat' dir='ltr'><strong>w]</strong></span> <span class='ocrx_word' id='word_1_4' title='bbox 270 140 522 193; x_wconf 81' lang='lat' dir='ltr'><strong>HISTORIARUM</strong></span> <span class='ocrx_word' id='word_1_5' title='bbox 540 140 570 192; x_wconf 90' lang='lat' dir='ltr'><strong>V.</strong></span> <span class='ocrx_word' id='word_1_6' title='bbox 589 139 690 190; x_wconf 79' lang='grc'><strong>15-19.</strong></span> <span class='ocrx_word' id='word_1_7' title='bbox 832 137 880 188; x_wconf 74' lang='lat' dir='ltr'><strong>m</strong></span> 
     </span>
    </p>
   </div>
   <div class='ocr_carea' id='block_1_2' title="bbox 87 247 881 326">
    <p class='ocr_par' dir='ltr' id='par_1_2' title="bbox 87 247 881 326">
     <span class='ocr_line' id='line_1_2' title="bbox 87 247 881 326; baseline -0.01 -15"><span class='ocrx_word' id='word_1_8' title='bbox 87 256 167 322; x_wconf 88' lang='lat' dir='ltr'><strong>deret,</strong></span> <span class='ocrx_word' id='word_1_9' title='bbox 183 255 358 326; x_wconf 84' lang='lat' dir='ltr'><strong>ouptivitatem</strong></span> <span class='ocrx_word' id='word_1_10' title='bbox 372 253 519 324; x_wconf 87' lang='lat' dir='ltr'><strong>olademque</strong></span> <span class='ocrx_word' id='word_1_11' title='bbox 534 254 561 308; x_wconf 89' lang='lat' dir='ltr'><strong>et</strong></span> <span class='ocrx_word' id='word_1_12' title='bbox 576 250 631 306; x_wconf 80' lang='lat' dir='ltr'><strong>dire</strong></span> <span class='ocrx_word' id='word_1_13' title='bbox 644 249 730 304; x_wconf 83' lang='lat' dir='ltr'><strong>omnis</strong></span> <span class='ocrx_word' id='word_1_14' title='bbox 745 247 881 304; x_wconf 78' lang='lat' dir='ltr'><strong>obversari.</strong></span> 
     </span>
    </p>
   </div>
   <div class='ocr_carea' id='block_1_3' title="bbox 11 325 930 2834">
    <p class='ocr_par' dir='ltr' id='par_1_3' title="bbox 11 325 927 2610">
     <span class='ocr_line' id='line_1_3' title="bbox 88 325 904 400; baseline -0.01 -12"><span class='ocrx_word' id='word_1_15' title='bbox 88 333 131 388; x_wconf 87' lang='lat' dir='ltr'><strong>Ne</strong></span> <span class='ocrx_word' id='word_1_16' title='bbox 147 333 305 387; x_wconf 82' lang='lat' dir='ltr'><strong>terrerentur</strong></span> <span class='ocrx_word' id='word_1_17' title='bbox 322 330 393 386; x_wconf 81' lang='lat' dir='ltr'><strong>vario</strong></span> <span class='ocrx_word' id='word_1_18' title='bbox 410 329 538 386; x_wconf 68' lang='lat' dir='ltr'><strong>{treverici</strong></span> <span class='ocrx_word' id='word_1_19' title='bbox 560 325 642 400; x_wconf 78' lang='lat' dir='ltr'><strong>praelii</strong></span> <span class='ocrx_word' id='word_1_20' title='bbox 665 328 766 382; x_wconf 83' lang='lat' dir='ltr'><strong>eventu.</strong></span> <span class='ocrx_word' id='word_1_21' title='bbox 804 325 904 380; x_wconf 68' lang='lat' dir='ltr'><strong>Suamt</strong></span> 
     </span>
     <span class='ocr_line' id='line_1_4' title="bbox 86 401 880 474; baseline -0.013 -9"><span class='ocrx_word' id='word_1_22' title='bbox 86 408 138 464; x_wconf 88' lang='lat' dir='ltr'><strong>illio</strong></span> <span class='ocrx_word' id='word_1_23' title='bbox 154 407 287 464; x_wconf 85' lang='lat' dir='ltr'><strong>riotoriam</strong></span> <span class='ocrx_word' id='word_1_24' title='bbox 304 407 437 462; x_wconf 80' lang='lat' dir='ltr'><strong>Germanis</strong></span> <span class='ocrx_word' id='word_1_25' title='bbox 454 405 592 470; x_wconf 82' lang='lat' dir='ltr'><strong>obstitisse,</strong></span> <span class='ocrx_word' id='word_1_26' title='bbox 611 405 680 474; x_wconf 81' lang='lat' dir='ltr'><strong>dum,</strong></span> <span class='ocrx_word' id='word_1_27' title='bbox 697 403 797 460; x_wconf 88' lang='lat' dir='ltr'><strong>omissis</strong></span> <span class='ocrx_word' id='word_1_28' title='bbox 813 401 880 467; x_wconf 84' lang='lat' dir='ltr'><strong>telis,</strong></span> 
     </span>
     <span class='ocr_line' id='line_1_5' title="bbox 87 480 881 556; baseline -0.009 -17"><span class='ocrx_word' id='word_1_29' title='bbox 87 484 173 556; x_wconf 78' lang='lat' dir='ltr'><strong>preda</strong></span> <span class='ocrx_word' id='word_1_30' title='bbox 186 501 275 539; x_wconf 87' lang='lat' dir='ltr'><strong>manns</strong></span> <span class='ocrx_word' id='word_1_31' title='bbox 292 483 451 554; x_wconf 88' lang='lat' dir='ltr'><strong>impediunt:</strong></span> <span class='ocrx_word' id='word_1_32' title='bbox 470 483 516 538; x_wconf 87' lang='lat' dir='ltr'><strong>sed</strong></span> <span class='ocrx_word' id='word_1_33' title='bbox 532 485 625 538; x_wconf 87' lang='lat' dir='ltr'><strong>ounotn</strong></span> <span class='ocrx_word' id='word_1_34' title='bbox 640 500 702 538; x_wconf 84' lang='lat' dir='ltr'><strong>mox</strong></span> <span class='ocrx_word' id='word_1_35' title='bbox 717 496 839 551; x_wconf 88' lang='lat' dir='ltr'><strong>prospera</strong></span> <span class='ocrx_word' id='word_1_36' title='bbox 854 480 881 532; x_wconf 88' lang='lat' dir='ltr'><strong>et</strong></span> 
     </span>
     <span class='ocr_line' id='line_1_6' title="bbox 86 554 905 630; baseline -0.01 -14"><span class='ocrx_word' id='word_1_37' title='bbox 86 561 157 616; x_wconf 88' lang='lat' dir='ltr'><strong>hosti</strong></span> <span class='ocrx_word' id='word_1_38' title='bbox 179 560 306 616; x_wconf 76' lang='lat' dir='ltr'><strong>eontraria</strong></span> <span class='ocrx_word' id='word_1_39' title='bbox 328 560 450 616; x_wconf 84' lang='lat' dir='ltr'><strong>evenisse.</strong></span> <span class='ocrx_word' id='word_1_40' title='bbox 487 559 553 620; x_wconf 76' lang='lat' dir='ltr'><strong>Quae</strong></span> <span class='ocrx_word' id='word_1_41' title='bbox 576 557 704 630; x_wconf 84' lang='lat' dir='ltr'><strong>provideri</strong></span> <span class='ocrx_word' id='word_1_42' title='bbox 727 561 786 612; x_wconf 87' lang='lat' dir='ltr'><strong>astu</strong></span> <span class='ocrx_word' id='word_1_43' title='bbox 809 554 905 610; x_wconf 71' lang='lat' dir='ltr'><strong>duoist</strong></span> 
     </span>
     <span class='ocr_line' id='line_1_7' title="bbox 88 634 900 708; baseline -0.007 -16"><span class='ocrx_word' id='word_1_44' title='bbox 88 636 239 706; x_wconf 78' lang='lat' dir='ltr'>oportuerit,</span> <span class='ocrx_word' id='word_1_45' title='bbox 258 637 366 707; x_wconf 87' lang='lat' dir='ltr'><strong>provisa,</strong></span> <span class='ocrx_word' id='word_1_46' title='bbox 388 655 490 708; x_wconf 87' lang='lat' dir='ltr'><strong>eampos</strong></span> <span class='ocrx_word' id='word_1_47' title='bbox 505 635 637 692; x_wconf 77' lang='lat' dir='ltr'><strong>madentes</strong></span> <span class='ocrx_word' id='word_1_48' title='bbox 656 639 684 690; x_wconf 89' lang='lat' dir='ltr'><strong>et</strong></span> <span class='ocrx_word' id='word_1_49' title='bbox 701 634 762 706; x_wconf 88' lang='lat' dir='ltr'><strong>ipsis</strong></span> <span class='ocrx_word' id='word_1_50' title='bbox 779 650 880 704; x_wconf 81' lang='lat' dir='ltr'><strong>gnaros,</strong></span> <span class='ocrx_word' id='word_1_51' title='bbox 898 659 900 666; x_wconf 84' lang='grc'><em>·</em></span> 
     </span>
     <span class='ocr_line' id='line_1_8' title="bbox 86 709 904 785; baseline -0.005 -17"><span class='ocrx_word' id='word_1_52' title='bbox 86 713 192 785; x_wconf 88' lang='lat' dir='ltr'><strong>paludes</strong></span> <span class='ocrx_word' id='word_1_53' title='bbox 209 713 326 769; x_wconf 89' lang='lat' dir='ltr'><strong>hostibus</strong></span> <span class='ocrx_word' id='word_1_54' title='bbox 343 714 440 770; x_wconf 82' lang='lat' dir='ltr'><strong>noxius.</strong></span> <span class='ocrx_word' id='word_1_55' title='bbox 477 714 598 768; x_wconf 85' lang='lat' dir='ltr'><strong>Rhenum</strong></span> <span class='ocrx_word' id='word_1_56' title='bbox 615 717 642 768; x_wconf 91' lang='lat' dir='ltr'><strong>et</strong></span> <span class='ocrx_word' id='word_1_57' title='bbox 661 711 801 768; x_wconf 79' lang='lat' dir='ltr'><strong>Germaniae</strong></span> <span class='ocrx_word' id='word_1_58' title='bbox 820 709 904 764; x_wconf 72' lang='lat' dir='ltr'><strong>deost</strong></span> 
     </span>
     <span class='ocr_line' id='line_1_9' title="bbox 86 789 882 862; baseline -0.004 -17"><span class='ocrx_word' id='word_1_59' title='bbox 86 790 115 845; x_wconf 89' lang='lat' dir='ltr'><strong>in</strong></span> <span class='ocrx_word' id='word_1_60' title='bbox 127 793 249 861; x_wconf 85' lang='lat' dir='ltr'><strong>aspeotu;</strong></span> <span class='ocrx_word' id='word_1_61' title='bbox 268 808 375 862; x_wconf 89' lang='lat' dir='ltr'><strong>quorum</strong></span> <span class='ocrx_word' id='word_1_62' title='bbox 393 789 498 845; x_wconf 90' lang='lat' dir='ltr'><strong>numine</strong></span> <span class='ocrx_word' id='word_1_63' title='bbox 515 792 677 859; x_wconf 76' lang='lat' dir='ltr'><strong>capesserent</strong></span> <span class='ocrx_word' id='word_1_64' title='bbox 689 805 809 858; x_wconf 82' lang='lat' dir='ltr'><strong>pugnum,</strong></span> <span class='ocrx_word' id='word_1_65' title='bbox 822 803 882 842; x_wconf 89' lang='lat' dir='ltr'><strong>oon·</strong></span> 
     </span>
     <span class='ocr_line' id='line_1_10' title="bbox 85 864 882 937; baseline -0.005 -15"><span class='ocrx_word' id='word_1_66' title='bbox 85 867 177 937; x_wconf 82' lang='lat' dir='ltr'><strong>jugum</strong></span> <span class='ocrx_word' id='word_1_67' title='bbox 200 871 336 936; x_wconf 77' lang='lat' dir='ltr'><strong>perentam</strong></span> <span class='ocrx_word' id='word_1_68' title='bbox 358 865 448 936; x_wconf 76' lang='lat' dir='ltr'><strong>putrire</strong></span> <span class='ocrx_word' id='word_1_69' title='bbox 471 883 603 920; x_wconf 81' lang='lat' dir='ltr'><strong>memores.</strong></span> <span class='ocrx_word' id='word_1_70' title='bbox 644 865 721 918; x_wconf 88' lang='lat' dir='ltr'><strong>Illum</strong></span> <span class='ocrx_word' id='word_1_71' title='bbox 745 864 812 918; x_wconf 91' lang='lat' dir='ltr'><strong>diem</strong></span> <span class='ocrx_word' id='word_1_72' title='bbox 835 866 882 918; x_wconf 82' lang='lat' dir='ltr'><strong>ent</strong></span> 
     </span>
     <span class='ocr_line' id='line_1_11' title="bbox 86 938 882 1012; baseline -0.005 -15"><span class='ocrx_word' id='word_1_73' title='bbox 86 942 297 1012; x_wconf 84' lang='lat' dir='ltr'><strong>gloriosissimum</strong></span> <span class='ocrx_word' id='word_1_74' title='bbox 316 941 385 995; x_wconf 90' lang='lat' dir='ltr'><strong>inter</strong></span> <span class='ocrx_word' id='word_1_75' title='bbox 404 943 514 1009; x_wconf 84' lang='lat' dir='ltr'><strong>majores</strong></span> <span class='ocrx_word' id='word_1_76' title='bbox 533 943 578 994; x_wconf 86' lang='lat' dir='ltr'><strong>aut</strong></span> <span class='ocrx_word' id='word_1_77' title='bbox 597 939 793 1010; x_wconf 88' lang='lat' dir='ltr'><strong>ignominiosum</strong></span> <span class='ocrx_word' id='word_1_78' title='bbox 814 938 882 1009; x_wconf 84' lang='lat' dir='ltr'><strong>apud</strong></span> 
     </span>
     <span class='ocr_line' id='line_1_12' title="bbox 86 1014 904 1088; baseline -0.007 -15"><span class='ocrx_word' id='word_1_79' title='bbox 86 1022 203 1088; x_wconf 83' lang='lat' dir='ltr'><strong>posteros</strong></span> <span class='ocrx_word' id='word_1_80' title='bbox 226 1019 290 1072; x_wconf 79' lang='lat' dir='ltr'><strong>fora.</strong></span> <span class='ocrx_word' id='word_1_81' title='bbox 325 1016 379 1071; x_wconf 85' lang='lat' dir='ltr'><strong>Ubi</strong></span> <span class='ocrx_word' id='word_1_82' title='bbox 403 1033 466 1070; x_wconf 92' lang='lat' dir='ltr'><strong>sono</strong></span> <span class='ocrx_word' id='word_1_83' title='bbox 490 1033 617 1070; x_wconf 85' lang='lat' dir='ltr'><strong>armorum</strong></span> <span class='ocrx_word' id='word_1_84' title='bbox 640 1014 810 1085; x_wconf 82' lang='lat' dir='ltr'><strong>tripudiisque</strong></span> <span class='ocrx_word' id='word_1_85' title='bbox 834 1015 904 1082; x_wconf 68' lang='lat' dir='ltr'><strong>(itud</strong></span> 
     </span>
     <span class='ocr_line' id='line_1_13' title="bbox 86 1090 883 1165; baseline -0.005 -15"><span class='ocrx_word' id='word_1_86' title='bbox 86 1094 139 1150; x_wconf 90' lang='lat' dir='ltr'><strong>illis</strong></span> <span class='ocrx_word' id='word_1_87' title='bbox 150 1093 226 1161; x_wconf 70' lang='lat' dir='ltr'><strong>mos)</strong></span> <span class='ocrx_word' id='word_1_88' title='bbox 240 1090 380 1165; x_wconf 87' lang='lat' dir='ltr'><strong>approbata</strong></span> <span class='ocrx_word' id='word_1_89' title='bbox 395 1096 456 1146; x_wconf 88' lang='lat' dir='ltr'><strong>sunt</strong></span> <span class='ocrx_word' id='word_1_90' title='bbox 473 1091 549 1155; x_wconf 71' lang='lat' dir='ltr'><strong>mora,</strong></span> <span class='ocrx_word' id='word_1_91' title='bbox 568 1092 635 1146; x_wconf 82' lang='lat' dir='ltr'><strong>saxis</strong></span> <span class='ocrx_word' id='word_1_92' title='bbox 650 1090 836 1164; x_wconf 74' lang='lat' dir='ltr'><strong>glandibusque</strong></span> <span class='ocrx_word' id='word_1_93' title='bbox 855 1093 883 1146; x_wconf 88' lang='lat' dir='ltr'><strong>et</strong></span> 
     </span>
     <span class='ocr_line' id='line_1_14' title="bbox 86 1165 883 1238; baseline -0.003 -14"><span class='ocrx_word' id='word_1_94' title='bbox 86 1169 186 1224; x_wconf 74' lang='lat' dir='ltr'><strong>onteris</strong></span> <span class='ocrx_word' id='word_1_95' title='bbox 194 1166 332 1222; x_wconf 78' lang='lat' dir='ltr'><strong>missilibus</strong></span> <span class='ocrx_word' id='word_1_96' title='bbox 341 1166 455 1236; x_wconf 85' lang='lat' dir='ltr'><strong>predium</strong></span> <span class='ocrx_word' id='word_1_97' title='bbox 464 1167 592 1238; x_wconf 80' lang='lat' dir='ltr'><strong>insipitur‚</strong></span> <span class='ocrx_word' id='word_1_98' title='bbox 606 1185 688 1238; x_wconf 89' lang='lat' dir='ltr'><strong>neque</strong></span> <span class='ocrx_word' id='word_1_99' title='bbox 700 1170 789 1221; x_wconf 87' lang='lat' dir='ltr'><strong>nostro</strong></span> <span class='ocrx_word' id='word_1_100' title='bbox 801 1165 883 1222; x_wconf 86' lang='lat' dir='ltr'><strong>milite</strong></span> 
     </span>
     <span class='ocr_line' id='line_1_15' title="bbox 86 1241 882 1314; baseline -0.003 -16"><span class='ocrx_word' id='word_1_101' title='bbox 86 1243 206 1314; x_wconf 72' lang='lat' dir='ltr'><strong>paludem</strong></span> <span class='ocrx_word' id='word_1_102' title='bbox 223 1241 389 1314; x_wconf 83' lang='lat' dir='ltr'><strong>ingrediente,</strong></span> <span class='ocrx_word' id='word_1_103' title='bbox 405 1246 432 1298; x_wconf 89' lang='lat' dir='ltr'><strong>et</strong></span> <span class='ocrx_word' id='word_1_104' title='bbox 451 1242 591 1308; x_wconf 83' lang='lat' dir='ltr'><strong>Germanis,</strong></span> <span class='ocrx_word' id='word_1_105' title='bbox 609 1252 639 1298; x_wconf 85' lang='lat' dir='ltr'><strong>nt</strong></span> <span class='ocrx_word' id='word_1_106' title='bbox 657 1242 785 1307; x_wconf 72' lang='lat' dir='ltr'><strong>eliderent,</strong></span> <span class='ocrx_word' id='word_1_107' title='bbox 803 1242 882 1296; x_wconf 87' lang='lat' dir='ltr'><strong>laoes·</strong></span> 
     </span>
     <span class='ocr_line' id='line_1_16' title="bbox 87 1317 927 1390; baseline -0.001 -15"><span class='ocrx_word' id='word_1_108' title='bbox 87 1318 213 1375; x_wconf 83' lang='lat' dir='ltr'><strong>sentibus.</strong></span> <span class='ocrx_word' id='word_1_109' title='bbox 268 1317 420 1390; x_wconf 84' lang='lat' dir='ltr'><strong>Absumptis</strong></span> <span class='ocrx_word' id='word_1_110' title='bbox 444 1337 501 1390; x_wconf 84' lang='lat' dir='ltr'><strong>quae</strong></span> <span class='ocrx_word' id='word_1_111' title='bbox 521 1319 659 1390; x_wconf 79' lang='lat' dir='ltr'><strong>jaciuntur,</strong></span> <span class='ocrx_word' id='word_1_112' title='bbox 684 1323 711 1374; x_wconf 92' lang='lat' dir='ltr'><strong>et</strong></span> <span class='ocrx_word' id='word_1_113' title='bbox 734 1318 927 1375; x_wconf 74' lang='lat' dir='ltr'><strong>ardesoentelb</strong></span> 
     </span>
     <span class='ocr_line' id='line_1_17' title="bbox 86 1395 880 1466; baseline 0.001 -16"><span class='ocrx_word' id='word_1_114' title='bbox 86 1413 182 1466; x_wconf 79' lang='lat' dir='ltr'><strong>pugna,</strong></span> <span class='ocrx_word' id='word_1_115' title='bbox 201 1412 351 1466; x_wconf 76' lang='lat' dir='ltr'><strong>procursum</strong></span> <span class='ocrx_word' id='word_1_116' title='bbox 369 1395 401 1450; x_wconf 86' lang='lat' dir='ltr'><strong>ab</strong></span> <span class='ocrx_word' id='word_1_117' title='bbox 421 1395 496 1450; x_wconf 89' lang='lat' dir='ltr'><strong>hoste</strong></span> <span class='ocrx_word' id='word_1_118' title='bbox 513 1395 638 1451; x_wconf 74' lang='lat' dir='ltr'><strong>infestius.</strong></span> <span class='ocrx_word' id='word_1_119' title='bbox 673 1395 809 1451; x_wconf 87' lang='lat' dir='ltr'><strong>Immensis</strong></span> <span class='ocrx_word' id='word_1_120' title='bbox 826 1413 880 1452; x_wconf 89' lang='lat' dir='ltr'><strong>oor·</strong></span> 
     </span>
     <span class='ocr_line' id='line_1_18' title="bbox 86 1463 882 1544; baseline 0.003 -18"><span class='ocrx_word' id='word_1_121' title='bbox 86 1463 193 1542; x_wconf 87' lang='lat' dir='ltr'><strong>poribus</strong></span> <span class='ocrx_word' id='word_1_122' title='bbox 205 1475 232 1528; x_wconf 90' lang='lat' dir='ltr'><strong>et</strong></span> <span class='ocrx_word' id='word_1_123' title='bbox 244 1471 380 1542; x_wconf 74' lang='lat' dir='ltr'><strong>prolongis</strong></span> <span class='ocrx_word' id='word_1_124' title='bbox 392 1471 474 1528; x_wconf 81' lang='lat' dir='ltr'><strong>hastis</strong></span> <span class='ocrx_word' id='word_1_125' title='bbox 485 1472 629 1528; x_wconf 85' lang='lat' dir='ltr'><strong>fluitantem</strong></span> <span class='ocrx_word' id='word_1_126' title='bbox 645 1471 822 1544; x_wconf 87' lang='lat' dir='ltr'><strong>labantemque</strong></span> <span class='ocrx_word' id='word_1_127' title='bbox 834 1472 882 1528; x_wconf 92' lang='lat' dir='ltr'><strong>mi·</strong></span> 
     </span>
     <span class='ocr_line' id='line_1_19' title="bbox 86 1547 882 1621; baseline 0 -17"><span class='ocrx_word' id='word_1_128' title='bbox 86 1547 160 1604; x_wconf 88' lang='lat' dir='ltr'><strong>litem</strong></span> <span class='ocrx_word' id='word_1_129' title='bbox 177 1547 276 1604; x_wconf 87' lang='lat' dir='ltr'><strong>eminus</strong></span> <span class='ocrx_word' id='word_1_130' title='bbox 294 1547 440 1614; x_wconf 81' lang='lat' dir='ltr'><strong>fodiebant3</strong></span> <span class='ocrx_word' id='word_1_131' title='bbox 460 1548 536 1604; x_wconf 92' lang='lat' dir='ltr'><strong>simul</strong></span> <span class='ocrx_word' id='word_1_132' title='bbox 552 1567 566 1604; x_wconf 93' lang='lat' dir='ltr'><strong>e</strong></span> <span class='ocrx_word' id='word_1_133' title='bbox 582 1549 656 1615; x_wconf 88' lang='lat' dir='ltr'><strong>mole,</strong></span> <span class='ocrx_word' id='word_1_134' title='bbox 669 1567 745 1621; x_wconf 86' lang='lat' dir='ltr'><strong>quum</strong></span> <span class='ocrx_word' id='word_1_135' title='bbox 762 1549 882 1605; x_wconf 89' lang='lat' dir='ltr'><strong>eduotam</strong></span> 
     </span>
     <span class='ocr_line' id='line_1_20' title="bbox 86 1624 881 1693; baseline 0.004 -13"><span class='ocrx_word' id='word_1_136' title='bbox 86 1625 115 1680; x_wconf 91' lang='lat' dir='ltr'><strong>in</strong></span> <span class='ocrx_word' id='word_1_137' title='bbox 125 1625 245 1680; x_wconf 85' lang='lat' dir='ltr'><strong>Rhenum</strong></span> <span class='ocrx_word' id='word_1_138' title='bbox 264 1624 404 1693; x_wconf 84' lang='lat' dir='ltr'><strong>retulimus,</strong></span> <span class='ocrx_word' id='word_1_139' title='bbox 422 1625 605 1682; x_wconf 89' lang='lat' dir='ltr'><strong>Bruoterorum</strong></span> <span class='ocrx_word' id='word_1_140' title='bbox 621 1644 716 1682; x_wconf 91' lang='lat' dir='ltr'><strong>ounens</strong></span> <span class='ocrx_word' id='word_1_141' title='bbox 732 1627 881 1682; x_wconf 78' lang='lat' dir='ltr'><strong>transterit.</strong></span> 
     </span>
     <span class='ocr_line' id='line_1_21' title="bbox 86 1700 905 1772; baseline 0.007 -16"><span class='ocrx_word' id='word_1_142' title='bbox 86 1701 201 1757; x_wconf 80' lang='lat' dir='ltr'><strong>Turbata</strong></span> <span class='ocrx_word' id='word_1_143' title='bbox 211 1700 247 1757; x_wconf 89' lang='lat' dir='ltr'><strong>ibi</strong></span> <span class='ocrx_word' id='word_1_144' title='bbox 259 1719 308 1766; x_wconf 86' lang='lat' dir='ltr'><strong>res,</strong></span> <span class='ocrx_word' id='word_1_145' title='bbox 321 1704 348 1756; x_wconf 91' lang='lat' dir='ltr'><strong>et</strong></span> <span class='ocrx_word' id='word_1_146' title='bbox 360 1701 501 1772; x_wconf 80' lang='lat' dir='ltr'><strong>pellebatur</strong></span> <span class='ocrx_word' id='word_1_147' title='bbox 513 1703 638 1759; x_wconf 77' lang='lat' dir='ltr'><strong>socierum</strong></span> <span class='ocrx_word' id='word_1_148' title='bbox 650 1705 794 1760; x_wconf 75' lang='lat' dir='ltr'><strong>cohortium</strong></span> <span class='ocrx_word' id='word_1_149' title='bbox 806 1705 905 1769; x_wconf 62' lang='lat' dir='ltr'><strong>estest</strong></span> 
     </span>
     <span class='ocr_line' id='line_1_22' title="bbox 87 1777 883 1852; baseline 0.001 -20"><span class='ocrx_word' id='word_1_150' title='bbox 87 1793 148 1832; x_wconf 85' lang='lat' dir='ltr'><strong>oum</strong></span> <span class='ocrx_word' id='word_1_151' title='bbox 159 1777 272 1848; x_wconf 78' lang='lat' dir='ltr'><strong>legiones</strong></span> <span class='ocrx_word' id='word_1_152' title='bbox 283 1795 395 1849; x_wconf 78' lang='lat' dir='ltr'><strong>pugnam</strong></span> <span class='ocrx_word' id='word_1_153' title='bbox 414 1779 553 1848; x_wconf 77' lang='lat' dir='ltr'><strong>excipiunt,</strong></span> <span class='ocrx_word' id='word_1_154' title='bbox 567 1798 752 1852; x_wconf 75' lang='lat' dir='ltr'><strong>suppressaque</strong></span> <span class='ocrx_word' id='word_1_155' title='bbox 769 1779 883 1836; x_wconf 89' lang='lat' dir='ltr'><strong>hostium</strong></span> 
     </span>
     <span class='ocr_line' id='line_1_23' title="bbox 87 1851 905 1927; baseline 0.005 -20"><span class='ocrx_word' id='word_1_156' title='bbox 87 1851 183 1908; x_wconf 84' lang='lat' dir='ltr'><strong>ferooie</strong></span> <span class='ocrx_word' id='word_1_157' title='bbox 198 1853 313 1924; x_wconf 71' lang='lat' dir='ltr'><strong>prelium</strong></span> <span class='ocrx_word' id='word_1_158' title='bbox 328 1859 451 1923; x_wconf 73' lang='lat' dir='ltr'><strong>equatur.</strong></span> <span class='ocrx_word' id='word_1_159' title='bbox 486 1855 559 1910; x_wconf 86' lang='lat' dir='ltr'><strong>Inter</strong></span> <span class='ocrx_word' id='word_1_160' title='bbox 577 1875 633 1927; x_wconf 81' lang='lat' dir='ltr'><strong>quse</strong></span> <span class='ocrx_word' id='word_1_161' title='bbox 649 1857 757 1926; x_wconf 81' lang='lat' dir='ltr'><strong>perfuga</strong></span> <span class='ocrx_word' id='word_1_162' title='bbox 767 1855 905 1911; x_wconf 73' lang='lat' dir='ltr'><strong>Batavuse</strong></span> 
     </span>
     <span class='ocr_line' id='line_1_24' title="bbox 88 1927 883 2000; baseline 0.005 -18"><span class='ocrx_word' id='word_1_163' title='bbox 88 1927 152 1983; x_wconf 87' lang='lat' dir='ltr'><strong>adiit</strong></span> <span class='ocrx_word' id='word_1_164' title='bbox 171 1929 303 1993; x_wconf 74' lang='lat' dir='ltr'><strong>Cerialem,</strong></span> <span class='ocrx_word' id='word_1_165' title='bbox 323 1932 397 1999; x_wconf 84' lang='lat' dir='ltr'><strong>terge</strong></span> <span class='ocrx_word' id='word_1_166' title='bbox 414 1929 528 1984; x_wconf 85' lang='lat' dir='ltr'><strong>hostium</strong></span> <span class='ocrx_word' id='word_1_167' title='bbox 546 1931 705 2000; x_wconf 87' lang='lat' dir='ltr'><strong>promittens,</strong></span> <span class='ocrx_word' id='word_1_168' title='bbox 726 1931 749 1986; x_wconf 88' lang='lat' dir='ltr'><strong>si</strong></span> <span class='ocrx_word' id='word_1_169' title='bbox 769 1935 883 1986; x_wconf 83' lang='lat' dir='ltr'><strong>extremo</strong></span> 
     </span>
     <span class='ocr_line' id='line_1_25' title="bbox 86 2003 881 2077; baseline 0.005 -19"><span class='ocrx_word' id='word_1_170' title='bbox 86 2003 187 2075; x_wconf 81' lang='lat' dir='ltr'><strong>paludis</strong></span> <span class='ocrx_word' id='word_1_171' title='bbox 207 2023 285 2076; x_wconf 90' lang='lat' dir='ltr'><strong>eques</strong></span> <span class='ocrx_word' id='word_1_172' title='bbox 303 2003 467 2060; x_wconf 86' lang='lat' dir='ltr'><strong>mitteretur:</strong></span> <span class='ocrx_word' id='word_1_173' title='bbox 492 2005 600 2061; x_wconf 89' lang='lat' dir='ltr'><strong>solidum</strong></span> <span class='ocrx_word' id='word_1_174' title='bbox 620 2006 671 2074; x_wconf 72' lang='lat' dir='ltr'><strong>illu,</strong></span> <span class='ocrx_word' id='word_1_175' title='bbox 691 2009 718 2061; x_wconf 88' lang='lat' dir='ltr'><strong>et</strong></span> <span class='ocrx_word' id='word_1_176' title='bbox 739 2007 881 2077; x_wconf 84' lang='lat' dir='ltr'><strong>Gugernos,</strong></span> 
     </span>
     <span class='ocr_line' id='line_1_26' title="bbox 87 2079 912 2152; baseline 0.002 -16"><span class='ocrx_word' id='word_1_177' title='bbox 87 2081 181 2152; x_wconf 86' lang='lat' dir='ltr'><strong>quibus</strong></span> <span class='ocrx_word' id='word_1_178' title='bbox 197 2080 313 2138; x_wconf 79' lang='lat' dir='ltr'><strong>custodia</strong></span> <span class='ocrx_word' id='word_1_179' title='bbox 329 2079 481 2148; x_wconf 86' lang='lat' dir='ltr'><strong>obvenisset,</strong></span> <span class='ocrx_word' id='word_1_180' title='bbox 496 2099 586 2152; x_wconf 86' lang='lat' dir='ltr'><strong>parurn</strong></span> <span class='ocrx_word' id='word_1_181' title='bbox 602 2082 723 2138; x_wconf 86' lang='lat' dir='ltr'><strong>intentos.</strong></span> <span class='ocrx_word' id='word_1_182' title='bbox 759 2083 825 2138; x_wconf 78' lang='lat' dir='ltr'><strong>Duru</strong></span> <span class='ocrx_word' id='word_1_183' title='bbox 837 2083 912 2140; x_wconf 68' lang='lat' dir='ltr'><strong>deo</strong></span> 
     </span>
     <span class='ocr_line' id='line_1_27' title="bbox 11 2157 883 2230; baseline 0.002 -16"><span class='ocrx_word' id='word_1_184' title='bbox 11 2157 12 2186; x_wconf 60' lang='lat' dir='ltr'><strong>r</strong></span> <span class='ocrx_word' id='word_1_185' title='bbox 87 2175 147 2214; x_wconf 86' lang='lat' dir='ltr'><strong>oum</strong></span> <span class='ocrx_word' id='word_1_186' title='bbox 170 2159 278 2230; x_wconf 84' lang='lat' dir='ltr'><strong>perfuga</strong></span> <span class='ocrx_word' id='word_1_187' title='bbox 300 2157 383 2212; x_wconf 82' lang='lat' dir='ltr'><strong>misere</strong></span> <span class='ocrx_word' id='word_1_188' title='bbox 406 2157 509 2216; x_wconf 79' lang='lat' dir='ltr'><strong>meanto</strong></span> <span class='ocrx_word' id='word_1_189' title='bbox 539 2158 608 2214; x_wconf 90' lang='lat' dir='ltr'><strong>hosti</strong></span> <span class='ocrx_word' id='word_1_190' title='bbox 636 2159 883 2217; x_wconf 79' lang='lat' dir='ltr'><strong>oboumfnnduntur.</strong></span> 
     </span>
     <span class='ocr_line' id='line_1_28' title="bbox 87 2231 883 2308; baseline 0.005 -20"><span class='ocrx_word' id='word_1_191' title='bbox 87 2232 164 2298; x_wconf 84' lang='lat' dir='ltr'><strong>Quod</strong></span> <span class='ocrx_word' id='word_1_192' title='bbox 187 2231 232 2290; x_wconf 90' lang='lat' dir='ltr'><strong>ubi</strong></span> <span class='ocrx_word' id='word_1_193' title='bbox 255 2233 363 2289; x_wconf 82' lang='lat' dir='ltr'><strong>olumore</strong></span> <span class='ocrx_word' id='word_1_194' title='bbox 383 2234 523 2305; x_wconf 76' lang='lat' dir='ltr'><strong>cognitum,</strong></span> <span class='ocrx_word' id='word_1_195' title='bbox 544 2235 656 2308; x_wconf 80' lang='lat' dir='ltr'><strong>legiones</strong></span> <span class='ocrx_word' id='word_1_196' title='bbox 676 2255 692 2292; x_wconf 84' lang='lat' dir='ltr'><strong>a</strong></span> <span class='ocrx_word' id='word_1_197' title='bbox 709 2237 794 2291; x_wconf 82' lang='lat' dir='ltr'><strong>fronte</strong></span> <span class='ocrx_word' id='word_1_198' title='bbox 813 2236 883 2292; x_wconf 85' lang='lat' dir='ltr'><strong>inen-</strong></span> 
     </span>
     <span class='ocr_line' id='line_1_29' title="bbox 86 2308 906 2384; baseline 0.004 -20"><span class='ocrx_word' id='word_1_199' title='bbox 86 2308 175 2374; x_wconf 76' lang='lat' dir='ltr'><strong>buem,</strong></span> <span class='ocrx_word' id='word_1_200' title='bbox 187 2310 304 2381; x_wconf 84' lang='lat' dir='ltr'><strong>pulsique</strong></span> <span class='ocrx_word' id='word_1_201' title='bbox 320 2310 440 2366; x_wconf 78' lang='lat' dir='ltr'><strong>Germani</strong></span> <span class='ocrx_word' id='word_1_202' title='bbox 455 2311 582 2366; x_wconf 88' lang='lat' dir='ltr'><strong>Rhenum</strong></span> <span class='ocrx_word' id='word_1_203' title='bbox 592 2312 655 2384; x_wconf 82' lang='lat' dir='ltr'><strong>fuga</strong></span> <span class='ocrx_word' id='word_1_204' title='bbox 666 2316 794 2384; x_wconf 87' lang='lat' dir='ltr'><strong>petebant.</strong></span> <span class='ocrx_word' id='word_1_205' title='bbox 831 2314 906 2370; x_wconf 70' lang='lat' dir='ltr'><strong>Ded</strong></span> 
     </span>
     <span class='ocr_line' id='line_1_30' title="bbox 86 2385 880 2462; baseline 0.009 -22"><span class='ocrx_word' id='word_1_206' title='bbox 86 2385 211 2442; x_wconf 77' lang='lat' dir='ltr'><strong>bellatum</strong></span> <span class='ocrx_word' id='word_1_207' title='bbox 230 2405 260 2444; x_wconf 90' lang='lat' dir='ltr'><strong>eo</strong></span> <span class='ocrx_word' id='word_1_208' title='bbox 281 2385 321 2442; x_wconf 87' lang='lat' dir='ltr'><strong>die</strong></span> <span class='ocrx_word' id='word_1_209' title='bbox 341 2386 418 2452; x_wconf 86' lang='lat' dir='ltr'><strong>foret,</strong></span> <span class='ocrx_word' id='word_1_210' title='bbox 443 2388 465 2442; x_wconf 83' lang='lat' dir='ltr'><strong>si</strong></span> <span class='ocrx_word' id='word_1_211' title='bbox 485 2389 602 2444; x_wconf 64' lang='lat' dir='ltr'><strong>Mmaue</strong></span> <span class='ocrx_word' id='word_1_212' title='bbox 624 2389 711 2446; x_wconf 80' lang='lat' dir='ltr'><strong>classis</strong></span> <span class='ocrx_word' id='word_1_213' title='bbox 735 2391 809 2462; x_wconf 87' lang='lat' dir='ltr'><strong>sequi</strong></span> <span class='ocrx_word' id='word_1_214' title='bbox 831 2410 880 2446; x_wconf 78' lang='lat' dir='ltr'><strong>rna</strong></span> 
     </span>
     <span class='ocr_line' id='line_1_31' title="bbox 11 2462 887 2539; baseline 0.009 -22"><span class='ocrx_word' id='word_1_215' title='bbox 11 2505 13 2526; x_wconf 80' lang='lat'><strong>,</strong></span> <span class='ocrx_word' id='word_1_216' title='bbox 86 2462 211 2518; x_wconf 78' lang='lat' dir='ltr'><strong>turhsset.</strong></span> <span class='ocrx_word' id='word_1_217' title='bbox 248 2463 291 2518; x_wconf 89' lang='lat' dir='ltr'><strong>Ne</strong></span> <span class='ocrx_word' id='word_1_218' title='bbox 303 2480 381 2533; x_wconf 88' lang='lat' dir='ltr'><strong>eques</strong></span> <span class='ocrx_word' id='word_1_219' title='bbox 399 2463 501 2534; x_wconf 88' lang='lat' dir='ltr'><strong>quidem</strong></span> <span class='ocrx_word' id='word_1_220' title='bbox 518 2465 622 2533; x_wconf 84' lang='lat' dir='ltr'><strong>institit,</strong></span> <span class='ocrx_word' id='word_1_221' title='bbox 635 2470 740 2539; x_wconf 89' lang='lat' dir='ltr'><strong>repente</strong></span> <span class='ocrx_word' id='word_1_222' title='bbox 757 2468 822 2524; x_wconf 81' lang='lat' dir='ltr'><strong>fusis</strong></span> <span class='ocrx_word' id='word_1_223' title='bbox 838 2468 887 2524; x_wconf 84' lang='lat' dir='ltr'><strong>im·</strong></span> 
     </span>
     <span class='ocr_line' id='line_1_32' title="bbox 86 2537 464 2610; baseline 0.005 -16"><span class='ocrx_word' id='word_1_224' title='bbox 86 2537 178 2594; x_wconf 89' lang='lat' dir='ltr'><strong>bribus</strong></span> <span class='ocrx_word' id='word_1_225' title='bbox 190 2549 217 2596; x_wconf 90' lang='lat' dir='ltr'><strong>et</strong></span> <span class='ocrx_word' id='word_1_226' title='bbox 229 2538 371 2610; x_wconf 85' lang='lat' dir='ltr'><strong>propinqua</strong></span> <span class='ocrx_word' id='word_1_227' title='bbox 381 2543 464 2596; x_wconf 86' lang='lat' dir='ltr'><strong>nocte.</strong></span> 
     </span>
    </p>

    <p class='ocr_par' dir='ltr' id='par_1_4' title="bbox 86 2616 930 2763">
     <span class='ocr_line' id='line_1_33' title="bbox 123 2616 930 2696; baseline 0.006 -26"><span class='ocrx_word' id='word_1_228' title='bbox 123 2616 233 2672; x_wconf 87' lang='lat' dir='ltr'><strong>Postera</strong></span> <span class='ocrx_word' id='word_1_229' title='bbox 253 2616 294 2672; x_wconf 88' lang='lat' dir='ltr'><strong>die</strong></span> <span class='ocrx_word' id='word_1_230' title='bbox 312 2616 502 2686; x_wconf 78' lang='lat' dir='ltr'><strong>quartadecima</strong></span> <span class='ocrx_word' id='word_1_231' title='bbox 519 2620 586 2693; x_wconf 83' lang='lat' dir='ltr'><strong>legio</strong></span> <span class='ocrx_word' id='word_1_232' title='bbox 605 2621 633 2678; x_wconf 89' lang='lat' dir='ltr'><strong>in</strong></span> <span class='ocrx_word' id='word_1_233' title='bbox 653 2625 808 2696; x_wconf 83' lang='lat' dir='ltr'><strong>superiorem</strong></span> <span class='ocrx_word' id='word_1_234' title='bbox 827 2621 930 2693; x_wconf 83' lang='lat' dir='ltr'><strong>pro-19</strong></span> 
     </span>
     <span class='ocr_line' id='line_1_34' title="bbox 86 2691 889 2763; baseline 0.005 -16"><span class='ocrx_word' id='word_1_235' title='bbox 86 2691 198 2748; x_wconf 83' lang='lat' dir='ltr'><strong>vinciam</strong></span> <span class='ocrx_word' id='word_1_236' title='bbox 214 2693 286 2748; x_wconf 86' lang='lat' dir='ltr'><strong>Gallo</strong></span> <span class='ocrx_word' id='word_1_237' title='bbox 301 2691 386 2749; x_wconf 86' lang='lat' dir='ltr'><strong>Annio</strong></span> <span class='ocrx_word' id='word_1_238' title='bbox 401 2695 493 2763; x_wconf 81' lang='lat' dir='ltr'><strong>missa3</strong></span> <span class='ocrx_word' id='word_1_239' title='bbox 512 2697 618 2756; x_wconf 78' lang='lat' dir='ltr'><strong>Cerialis</strong></span> <span class='ocrx_word' id='word_1_240' title='bbox 630 2701 770 2758; x_wconf 85' lang='lat' dir='ltr'><strong>exereitum</strong></span> <span class='ocrx_word' id='word_1_241' title='bbox 788 2698 889 2754; x_wconf 75' lang='lat' dir='ltr'><strong>decima</strong></span> 
     </span>
    </p>

    <p class='ocr_par' dir='ltr' id='par_1_5' title="bbox 124 2789 502 2834">
     <span class='ocr_line' id='line_1_35' title="bbox 124 2789 502 2834; baseline 0.008 -9"><span class='ocrx_word' id='word_1_242' title='bbox 124 2795 243 2834; x_wconf 75' lang='lat' dir='ltr'><strong>rao.,rorr.</strong></span> <span class='ocrx_word' id='word_1_243' title='bbox 254 2799 283 2830; x_wconf 89' lang='lat'><strong>11.</strong></span> <span class='ocrx_word' id='word_1_244' title='bbox 483 2789 502 2832; x_wconf 73' lang='lat' dir='ltr'>Q</span> 
     </span>
    </p>
   </div>
   <div class='ocr_carea' id='block_1_4' title="bbox 0 0 1048 3026">
    <p class='ocr_par' dir='ltr' id='par_1_6' title="bbox 0 0 1048 3026">
     <span class='ocr_line' id='line_1_36' title="bbox 0 0 1048 3026; baseline 0 0"><span class='ocrx_word' id='word_1_245' title='bbox 0 0 1048 3026; x_wconf 95' lang='lat' dir='ltr'><strong> </strong></span> 
     </span>
    </p>
   </div>
  </div>
 </body>
</html>
