2096 3038
181 182 228 232 114
513 179 634 228 naam

827 241 853 282 Δ.
863 239 889 281 U.
897 239 919 280 (i.
927 239 973 282 88.

179 290 285 348 deerant
309 290 354 363 qui
380 288 512 346 moderent
540 293 676 360 ut'rsmqus
704 288 855 344 mditiousn
883 289 974 344 fraude

180 367 287 424 Antonii
297 370 413 438 emptam.
426 369 457 420 ut
467 365 538 420 solus
549 365 615 420 bello
627 366 763 420 h'usretur.

138 446 174 500 12
215 444 257 500 Ne
279 444 308 499 in
334 442 433 499 Vitellii
462 442 564 512 qnidam
594 441 708 512 pertibus
743 441 836 512 quieta
873 447 973 496 mentes

180 519 325 574 exitiosiore
345 517 477 582 disperdis.
498 535 551 572 non
568 517 754 587 suspicionibus
772 516 843 587 vulgi
858 516 903 571 sed
918 535 975 587 per·

158 591 240 650 aidis
262 593 363 659 dueum,
391 593 568 648 turbabantur.
604 592 719 648 Lucilius
758 593 863 658 Bessus,
886 592 974 647 olussis

180 669 337 724 Rerennstis
349 669 492 740 proiectus,
510 668 641 738 ambiguos
659 667 768 722 militurn
783 668 888 733 animm,
906 667 976 738 quod

179 761 273 816 magna
283 761 343 815 psrs
354 744 478 800 Dalmatia
490 743 665 814 Pannoniique
676 748 757 809 erant,
770 761 827 814 qua
838 743 975 814 provinoiss

180 820 338 891 Vespasiano
360 818 521 884 tenebantur,
549 819 665 890 partibus
694 819 751 890 ejus
780 823 972 890 aggregarem.

159 896 243 956 sNox
253 895 391 967 proditioni
402 895 491 960 eleots,
503 899 541 960 nt,
551 895 650 951 ueteris
665 895 769 966 iguuris,
786 895 835 950 soli
845 895 873 950 in
884 895 975 966 prinoi-

180 972 223 1044 pia
250 971 390 1028 defectores
417 971 522 1028 unirent.
568 971 665 1027 Bassus
694 972 798 1042 pudore,
829 989 876 1026 sen
902 975 974 1028 metu

180 1048 296 1120 quisnam
330 1048 415 1105 exitus
444 1047 519 1113 soret,
547 1047 615 1102 iutra
649 1045 752 1102 domum
787 1046 973 1118 opperiebatur.

180 1124 323 1182 Trierarehi
339 1141 431 1196 magno
447 1123 561 1179 tumultu
579 1121 676 1178 Vitellii
691 1121 814 1192 imagines
830 1122 974 1190 inrndnut3

180 1205 207 1258 et
230 1202 317 1272 paneis
340 1200 516 1256 rmistemium
543 1197 701 1255 obtruncatis
730 1201 852 1254 euterun
880 1198 973 1269 vulgus

180 1295 265 1332 rerum
292 1294 415 1332 nemum
443 1275 529 1332 studio
559 1274 587 1330 in
616 1274 799 1344 Vespasianum
828 1275 973 1331 inelinnbnt.

158 1352 246 1408 adum
268 1369 418 1424 progressus
441 1351 557 1408 Isneilius
574 1353 704 1406 amatorem
721 1368 749 1406 se
768 1349 850 1421 polam
867 1351 972 1422 praebet.

181 1427 276 1482 Classis
289 1428 432 1482 Gornelium
443 1425 554 1482 meum
571 1425 720 1495 proiectum
734 1425 783 1482 sibi
798 1425 910 1488 destinat
928 1427 974 1498 qui

180 1519 286 1573 propere
305 1503 455 1558 soouonrrit.
491 1501 588 1557 Bassus
605 1501 728 1556 honorata
746 1501 863 1558 custodis
881 1500 973 1559 Libur-

179 1578 243 1636 nicis
255 1577 362 1634 navibus
374 1579 474 1633 Atrium
488 1581 629 1648 perventus,
646 1595 662 1631 a
676 1578 797 1648 proeieoto
821 1578 868 1634 ela
879 1579 973 1635 Viven-

179 1653 223 1710 uio
252 1653 354 1719 Rufino,
377 1653 522 1723 presidium
545 1652 597 1707 illio
622 1652 743 1723 agitatos,
767 1653 886 1710 vinoitum
922 1655 974 1710 Sed
1045 1655 1046 1660 ’

180 1728 297 1784 exsoluta
325 1728 413 1784 statim
442 1727 544 1784 muoulu
572 1728 720 1784 interventu
743 1729 836 1784 Hormi
865 1730 973 1786 Cosanis
1045 1721 1046 1743 ¹

138 1803 281 1867 laliberti:
300 1804 323 1860 is
339 1821 440 1876 quoque
455 1804 523 1859 inter
538 1803 616 1859 dunos
631 1803 779 1860 habebatur.
815 1807 852 1860 At
864 1805 972 1871 Gauius,

180 1880 323 1937 delentioue
341 1880 428 1936 elassis
448 1879 560 1951 vulgata,
584 1879 707 1951 primores
736 1881 914 1936 centurionum
944 1885 973 1936 et

180 1975 275 2029 puueos
286 1956 403 2024 militnm,
416 1955 515 2018 ueteris
532 1973 578 2027 per
601 1955 699 2011 milities
719 1971 825 2012 munero
843 1957 972 2029 dispersis,

159 2042 307 2096 nseoretom
324 2042 467 2096 nestrorum
485 2037 606 2094 aiieotuns
621 2037 649 2092 in
665 2037 790 2108 principia
803 2041 886 2094 vocat.
931 2038 974 2094 lbi

180 2115 332 2187 Vespasiani
349 2115 471 2172 virtutem
488 2113 605 2184 viresqne
620 2113 732 2184 partium
749 2113 864 2170 extollit:
890 2118 974 2170 πω-
1039 2169 1042 2190 1

181 2191 279 2264 fugisse
290 2192 396 2248 ulossam
403 2213 411 2258 ;
430 2191 458 2246 in
473 2193 544 2246 orote
556 2192 734 2255 pauimentum,
746 2191 865 2245 adum
878 2191 973 2245 Gallias
1041 2195 1042 2207 ¹

180 2267 377 2339 Hispaniasque,
396 2267 460 2323 nihil
479 2267 507 2324 in
529 2265 593 2322 urbe
616 2265 712 2331 fidium
738 2271 816 2338 atque
839 2267 923 2322 oniniu
941 2267 974 2322 de

159 2342 285 2400 evitellio
308 2344 336 2398 in
359 2343 479 2400 deterius.
524 2343 589 2398 Mox
608 2342 787 2414 inoipientibus
811 2343 856 2414 qui
878 2343 975 2399 oonsoii
1039 2409 1040 2414 ἵ

180 2416 411 2484 masenceium
429 2436 457 2472 re
468 2435 535 2473 nove
550 2419 674 2474 attonitos
690 2419 718 2474 in
729 2419 806 2475 verbu
821 2419 975 2490 Vespasiani
1039 2435 1040 2441 ¹

181 2491 270 2562 odigit-
304 2493 386 2548 Simul
396 2493 496 2548 Vitellii
513 2494 636 2565 uuagines
655 2495 773 2567 dereptus,
793 2499 820 2550 et
838 2495 910 2552 missi
929 2495 976 2566 qui

76 2602 79 2608 ,
159 2567 294 2628 sdntonio
316 2568 471 2624 nuntiarent.
516 2569 567 2626 Sod
586 2570 631 2626 nbi
654 2572 717 2627 totis
740 2573 831 2628 eastris
854 2572 882 2626 in
905 2571 976 2627 lema

178 2641 299 2714 proditio,
322 2659 455 2700 reomaus
484 2643 512 2699 in
540 2645 664 2716 prinoipia
693 2647 766 2703 miles
796 2646 976 2718 passoriptnm
