2096 3038
188 131 219 176 ⁸²
522 127 643 176 unorrr

820 189 857 237 [u.
869 189 895 226 υ.
906 189 980 234 osse

166 238 298 293 amoriens
316 237 440 308 sangnine
454 238 584 293 infecerat.
620 238 653 292 Iu
671 240 762 292 senatu
784 242 877 292 cuncta
899 239 984 308 longis

193 314 300 370 eliorum
324 313 507 384 principatibus
531 315 671 384 composite
694 313 781 368 stetim
805 313 984 368 decernuntur.

188 389 291 444 Audite
305 408 366 459 erga
385 390 561 446 Germanicum
578 390 718 445 exercitum
736 389 823 443 leudes
839 394 984 460 gratesque,

165 465 214 521 4et
225 467 304 522 missa
314 467 409 538 legatio
421 484 477 536 quoe
489 466 582 538 gaudio
593 466 751 536 iungeretur.
776 465 901 520 Recitator
910 465 987 520 Fabii

188 541 303 595 Valentis
327 541 440 614 epistolae
461 541 493 598 nd
514 542 631 597 consules
652 542 753 612 scripto
773 541 841 596 haud
862 541 985 596 immode-

187 621 253 672 rate:
267 619 364 689 gratior
373 618 479 673 Crucium
488 619 613 676 modestia
624 619 682 684 fuit,
692 617 760 690 quod
768 636 819 672 non
831 619 986 688 scripsisset.

143 691 181 746 66
189 693 317 750 Caeterum
329 695 405 750 Italia
416 696 518 766 gravius
531 700 607 766 utque
620 695 730 750 strocius
744 713 819 766 quem
831 695 897 749 bello
909 695 988 750 afflic-

187 771 298 826 tabatur.
333 771 450 841 Dispersi
466 789 512 842 per
529 771 666 842 municipia
683 775 710 825 et
727 771 837 826 colonius
853 771 989 826 Vitelliani

189 845 303 916 spoliare,
322 846 506 917 repererint
527 847 623 917 stupris
642 847 762 918 polluere.
803 847 836 902 Iu
853 865 927 900 omne
945 847 988 903 ins

188 921 309 994 nefasque
322 922 390 977 uvidi
401 926 446 977 sut
458 923 558 978 vendes
570 941 622 977 non
634 941 714 988 sacro,
725 941 777 978 non
788 923 893 993 profano
906 922 990 978 absti-

167 997 290 1056 2nebant.
327 997 362 1054 Et
378 999 449 1054 fruere
466 1000 510 1072 qni
524 999 638 1054 nomicos
651 1017 711 1054 suos
723 999 806 1070 specie
819 999 930 1053 militum
946 999 988 1054 in-

188 1075 341 1130 terficerent.
377 1075 482 1148 Ipsique
504 1074 605 1140 milites,
624 1075 757 1145 regionum
774 1075 855 1145 gnari,
874 1074 988 1130 refertos

189 1168 272 1222 agros,
294 1149 361 1206 dites
381 1150 496 1206 dominos
517 1152 544 1205 in
564 1150 673 1222 predam
695 1159 748 1214 sut,
771 1152 794 1204 si
814 1156 989 1222 repugnatum

188 1227 263 1292 foret,
278 1226 310 1280 ad
322 1225 448 1282 excidium
460 1226 628 1292 destinabunt,
642 1225 757 1281 obnoxiis
770 1226 875 1282 ducibus
888 1231 915 1281 et
927 1245 987 1297 pro·

169 1301 426 1357 thiberenonsnsis.
473 1303 563 1358 Minus
575 1302 686 1358 avaritie
698 1302 725 1356 iu
737 1302 844 1368 Cresius,
859 1303 915 1373 plus
931 1322 986 1358 urn-
1029 1343 1030 1386 q

189 1375 308 1433 bitionis:
333 1377 428 1433 Valens
447 1377 481 1434 ob
501 1379 572 1434 luero
592 1382 619 1433 et
638 1381 751 1450 quaestus
770 1378 880 1444 infamis,
903 1397 987 1450 eoque
1029 1393 1030 1487 p

168 1452 276 1508 tuliense
294 1454 371 1508 etiam
388 1455 468 1524 culpae
485 1453 662 1510 dissimulator.
699 1453 757 1510 Jam
772 1454 869 1525 pridem
884 1457 984 1510 attritis

188 1528 272 1584 Italiae
295 1529 378 1594 rebus,
398 1533 500 1584 tantum
524 1529 637 1600 peditum
659 1531 835 1602 equitumque,
854 1531 893 1587 sis
914 1531 987 1586 dum·
1028 1551 1029 1589 l

189 1623 272 1676 neque
286 1609 312 1660 et
324 1605 423 1676 injurie
435 1623 502 1676 oegre
513 1605 695 1661 tolerabantur.

144 1684 182 1744 67
223 1679 332 1735 Interim
352 1680 480 1748 Vitellius,
503 1682 617 1738 victorie
640 1701 692 1737 sure
715 1682 825 1748 nescius,
845 1686 875 1738 ut
896 1682 929 1738 ad
947 1684 987 1740 iu-

188 1761 291 1828 tegrum
319 1755 413 1812 bellum
442 1758 552 1830 reliquas
583 1758 727 1814 Germanici
756 1759 883 1814 exereitus
916 1760 985 1814 vires

187 1831 312 1888 trahebat.
349 1832 428 1888 Pauci
444 1838 557 1889 veterum
575 1835 684 1890 militum
707 1834 736 1890 in
755 1833 867 1889 hibernis
891 1834 983 1900 relicti,
1025 1873 1026 1899 ,

187 1909 315 1965 festmatis
343 1927 390 1982 per
421 1909 514 1966 Gallias
550 1909 698 1976 delectibus,
735 1914 765 1964 ut
795 1912 984 1966 remanentium

166 1986 314 2058 tlegionum
331 1986 434 2040 nomina
450 1989 637 2058 supplerentur.
675 1986 745 2040 (lura
760 1986 821 2057 ripse
834 1986 986 2042 Hordeonio

184 2063 278 2120 'Flacco
294 2063 433 2134 permissa;
451 2063 506 2133 ipse
520 2081 535 2116 e
547 2061 695 2116 Britannico
713 2061 814 2116 delectu
830 2066 889 2117 octo
906 2063 986 2118 milliu

187 2140 236 2195 sibi
254 2139 377 2212 adjunxit.
414 2139 450 2194 Et
471 2155 609 2208 pancorum
626 2136 726 2192 dierum
750 2138 800 2192 iter
823 2155 983 2210 progressus,
1022 2133 1023 2209 l

165 2215 683 2362 Brutulus
698 2213 985 2346 illituum
1021 2255 1022 2313 r

187 2366 297 2420 militurn
321 2365 440 2420 leudibus
470 2366 592 2420 cumulat.
628 2365 779 2421 Postulonte
810 2367 925 2422 exercitu
954 2371 984 2422 ut

187 2439 307 2495 libertum
327 2457 402 2494 sunm
422 2441 563 2496 Asiaticum
582 2443 693 2513 equestri
718 2441 844 2514 dignitate
868 2442 983 2508 donaret,

165 2515 346 2576 uinhonestan
370 2516 540 2572 adulationem
564 2519 709 2589 compescit.
750 2517 820 2574 Dein
837 2518 985 2578 mobilitate

187 2591 292 2664 ingenii,
317 2591 385 2665 quod
408 2593 491 2664 pslnnr
513 2593 645 2662 sonuerat,
666 2596 734 2652 inter
753 2599 852 2652 secretu
876 2595 985 2653 oouvirii
1018 2597 1019 2623 l
