2096 3038
81 297 99 334 A
115 297 133 334 D
151 295 191 343 ω]
272 229 525 279 HISTORIARUM
543 232 700 292 Isso-cs.
842 235 873 282 ⁸8

79 343 196 414 largitio,
210 342 394 412 honoravitque
411 343 552 398 Ametinum
568 342 676 409 annulis,
693 341 789 397 indum
805 359 875 398 mun·

80 421 172 490 cipiuro
185 423 211 474 ot
224 419 300 473 mulis
312 419 409 474 artibus
422 419 591 475 ambitiosum.

114 496 209 550 iisdem
221 495 312 550 diebus
331 497 469 550 secessisse
489 497 604 566 partibus
624 500 760 566 utramque
778 495 919 564 Mauri-53
993 533 994 538 κ

79 572 180 636 leniam,
202 571 338 626 interfecto
359 576 523 643 procuratore
546 573 648 638 Albino,
669 571 754 629 nuntii
773 590 873 627 venere.

79 649 205 703 Lucceius
230 648 345 712 Albinus,
371 667 387 702 s
409 649 513 703 Nerone
537 649 701 704 Mauritania
725 648 875 703 Casariensi

78 725 237 795 propositus,
263 724 351 779 addita
373 743 419 796 per
443 725 548 780 Galbam
572 726 714 796 'lingitanae
738 726 874 795 provincie

79 800 306 866 administratione,
324 801 393 855 haud
408 802 555 872 spernendis
571 803 668 857 viribus
685 801 785 872 agebat.
822 802 896 856 lle-2

79 895 134 931 cem
151 895 243 932 novem
262 877 388 942 cohortes,
406 878 518 948 quinque
537 878 590 952 aler!
614 879 703 948 ingens
723 877 874 932 Maurorum

78 971 198 1008 nnmems
219 953 317 1017 aderat,
343 971 389 1023 per
411 953 544 1008 latrocinia
566 959 594 1009 et
616 957 707 1024 raptus
728 958 788 1023 apta
808 953 874 1008 bello

78 1047 175 1084 manus.
213 1029 286 1084 Ocaso
307 1029 394 1094 Galba,
414 1029 441 1084 in
463 1031 592 1084 Othonem
608 1048 711 1100 pronus,
728 1048 775 1084 nec
787 1030 895 1093 Africae

79 1109 222 1171 mutentur,
252 1105 392 1175 Hispanis,
423 1111 532 1176 angusto
561 1107 628 1159 freto
659 1105 798 1174 diremptae,
827 1107 874 1160 irn-

77 1181 196 1236 mindrat.
245 1180 310 1236 Inde
340 1180 430 1234 Cluvio
459 1181 530 1235 Rufo
560 1184 664 1245 metus;
696 1186 722 1233 et
753 1179 896 1236 decimam-l

77 1257 203 1327 legionem
226 1257 395 1327 propinquare
417 1256 488 1310 litori
511 1261 541 1310 ut
569 1255 766 1310 transmissurus
788 1256 872 1325 jussit.

77 1333 207 1388 Premissi
227 1333 388 1388 centuriones
410 1332 455 1402 qui
475 1333 626 1386 Maurorum
647 1331 745 1385 amnros
769 1331 874 1386 Vitellio

77 1408 247 1464 conciliarent.
284 1409 376 1479 Neque
394 1407 501 1462 arduum
521 1409 578 1473 luit,
597 1426 691 1479 magna
711 1425 757 1478 per
775 1408 895 1476 provin-5
957 1467 960 1470 ,
1043 1382 1048 1427 l

77 1485 130 1540 cias
148 1485 291 1540 Germanioi
308 1485 435 1540 exercitus
452 1485 527 1540 fama
566 1484 739 1556 spargebatur
762 1484 872 1555 insuper,

77 1566 166 1632 spreto
178 1561 349 1634 procuratoris
365 1561 494 1628 vocabulo,
505 1561 627 1616 Albinum
644 1561 744 1632 insigne
761 1560 829 1632 regis
842 1564 874 1615 et

76 1637 152 1694 Juhae
174 1657 267 1694 nomen
288 1656 418 1709 usurpare.
455 1639 498 1692 Ita
520 1637 627 1692 mutatis
651 1637 748 1703 animis,
765 1637 918 1703 .Asinius59

74 1714 167 1781 Pollio,
182 1715 227 1770 ule
239 1714 383 1786 profectus,
399 1733 413 1769 e
428 1713 557 1769 fidissimis
570 1714 669 1780 Albino,
689 1719 715 1768 et
731 1714 826 1768 Festus
845 1732 874 1768 ac

77 1791 170 1862 Scipio,
182 1791 324 1846 cohortium
334 1791 458 1862 prefecti,
468 1791 653 1862 opprimuntur.
684 1791 744 1861 Ipse
756 1790 896 1864 Albinus‚2

75 1867 137 1922 dum
156 1869 321 1939 elingdtaua
338 1867 477 1938 provinioia
495 1869 676 1922 Caesariensem
693 1867 874 1921 Mauritaniam

74 1944 150 2014 petit,
171 1945 281 2013 appulsu
304 1943 385 1998 litoris
407 1943 569 2010 trucidatns3
595 1962 660 1998 uxor
684 1943 745 2012 ejus,
767 1961 826 1996 oum
847 1961 874 1998 se

75 2019 269 2088 percussoribus
296 2019 441 2083 obtulisset,
469 2020 546 2074 simul
572 2019 709 2073 interiecta
738 2022 785 2082 est,
812 2019 876 2074 nihil

76 2111 167 2148 eorum
184 2111 240 2162 quse
256 2094 346 2148 fierent
363 2095 470 2148 Vitellio
488 2095 647 2164 anquirente.
683 2093 760 2147 Breri
785 2093 875 2148 audibi

76 2167 193 2240 quamvis
204 2185 297 2238 magna
305 2169 440 2234 occubat,
452 2171 534 2239 impar
546 2169 613 2222 curis
622 2167 792 2239 ,ςιειιιίοιίὶιιιεΙ

112 2244 262 2301 Exercitum
274 2245 364 2300 itinere
376 2246 493 2300 terrestri
505 2263 611 2316 pergere
621 2244 712 2316 jubet:
731 2244 786 2314 ipse
795 2247 898 2303 Mares

74 2323 181 2378 ilumine
190 2321 330 2387 devehitur,
336 2321 406 2376 nullo
415 2321 545 2392 principali
556 2319 705 2392 paratused
714 2325 888 2393 veteeeges:

74 2403 131 2454 tate
140 2398 299 2470 conspicuus,
307 2397 875 2470 doneanninsBloesus,Lugdonensichlliae

72 2480 168 2543 rector,
173 2494 265 2546 genere
274 2476 375 2541 illustri,
387 2475 473 2547 largus
486 2476 569 2530 animo
578 2479 604 2532 et
613 2495 659 2547 per
666 2475 764 2547 opibus,
770 2477 874 2533 circnm-

74 2552 149 2608 daret
166 2553 273 2624 principi
285 2553 433 2613 ministerio,
443 2553 607 2608 confiteretur
619 2554 763 2620 liberaliter,
777 2573 807 2609 eo
819 2555 875 2625 ipso

73 2628 202 2700 ingratus,
216 2630 330 2700 quamvis
351 2629 437 2684 odium
454 2630 574 2685 Vitellius
590 2631 728 2686 remihbus
746 2629 875 2684 blanditiis

73 2705 181 2760 velaret.
218 2706 318 2762 Prmsto
330 2707 402 2762 fuere
414 2706 538 2778 Lugduni
549 2707 692 2762 victricium
701 2708 899 2774 actamquae

74 2782 188 2852 portium
207 2781 285 2839 duces
330 2783 465 2839 Valentem
484 2787 513 2840 et
528 2783 667 2852 (hminem,
685 2800 734 2852 pro
753 2779 875 2835 mucione
