2086 3026
42 210 61 248 Δ
79 209 97 247 D
114 207 156 256 ⁶⁹]
221 145 472 194 HISTORIARUM
491 146 535 194 IV.
554 147 655 194 11-15,
787 146 833 196 lot

40 257 169 330 pueritia)
189 257 221 312 ad
239 261 357 328 stuprum
374 257 549 314 trahebantur.
586 257 657 317 Hine
674 255 788 322 invidia3
805 259 833 312 et
934 281 941 290 ¹

40 333 185 404 compositae
206 334 337 390 seditionis
356 338 473 390 auctores
496 334 630 406 perpulere
653 336 684 389 nt
705 333 832 390 delectum

40 411 188 466 abnuerent.
226 411 314 468 Civilia
332 412 455 483 primores
474 412 559 482 gentis
580 415 607 466 et
628 410 855 481 promptissimas

41 487 117 558 vulgi,
135 487 218 559 speeie
236 488 368 558 epularum
386 507 486 544 sacrum
503 488 531 543 in
548 505 639 542 nemus
656 491 769 553 voratos,
787 487 833 542 ubi

41 569 115 618 noete
127 583 156 620 ao
164 564 255 620 laetitia
261 565 395 621 incaluisse
407 564 484 630 videt,
495 564 594 633 alaude
605 563 736 636 gloriaque
748 565 833 636 gentis

42 657 113 695 orsus
132 641 238 712 injurias
256 645 283 696 et
300 645 389 712 raptus
406 645 433 697 et
451 645 543 698 oaetara
561 641 659 698 servitii
682 641 748 696 mala
771 659 834 698 enu-

41 724 129 772 merat.
166 719 285 789 “Neque
305 719 373 774 enim
391 719 549 784 societatem,
570 722 601 774 ut
621 718 689 784 olim,
712 717 758 774 sed
776 721 856 773 tan-4

42 811 116 864 quam
130 795 255 866 mancipia
266 795 361 850 baberi.
398 795 508 855 Quando
519 795 641 867 legatum,
649 794 721 866 gravi
732 795 834 866 quidem

42 871 166 925 comitatu
186 876 213 926 et
234 873 343 942 superbo
368 889 426 928 enm
444 872 558 942 imperio,
583 873 688 928 verrirel
707 871 784 927 Tradi
806 889 835 928 aa

42 947 169 1016 praefectis
189 947 444 1018 consummansque,
463 965 527 1018 qnos
550 947 597 1002 ubi
619 947 706 1018 spoliis
730 952 756 1003 et
780 966 835 1004 san-

16 1029 17 1066 ῑ
43 1023 121 1092 guina
140 1022 304 1092 expleverint,
326 1023 428 1088 mutari,
451 1023 599 1094 exquirique
618 1041 698 1078 novos
718 1024 788 1078 sinus
808 1027 835 1078 et

44 1098 115 1153 varia
126 1098 257 1168 praedandi
267 1099 396 1155 voeabula.
432 1101 534 1155 Instare
548 1097 682 1165 dolentum,
696 1117 747 1170 quo
763 1100 862 1155 liberio

44 1174 232 1243 aparentibus,
248 1175 340 1230 fratres
357 1193 373 1230 a
386 1175 509 1231 fratribus
525 1177 595 1231 velut
614 1194 760 1246 supremum
776 1175 837 1231 diri-

44 1251 147 1305 dantur.
184 1251 323 1328 Nunquam
339 1253 421 1323 magis
434 1253 550 1308 afflictam
562 1271 616 1308 rem
627 1253 777 1317 Romanam,
790 1269 838 1312 nea

44 1327 114 1382 aliud
126 1327 153 1382 in
171 1327 283 1384 hibernis
300 1347 375 1400 quarn
392 1329 502 1401 pradam
520 1333 546 1384 et
564 1348 646 1386 sanes.
682 1329 838 1385 Attollerent

44 1407 146 1460 tantum
162 1405 256 1472 111111,
270 1409 298 1462 et
313 1407 399 1462 inania
416 1407 544 1478 legionum
560 1407 662 1462 nomina
679 1425 711 1462 ne
722 1424 839 1477 pavesea-

44 1485 110 1536 rent.
141 1483 177 1537 At
186 1482 234 1538 sibi
244 1483 321 1539 robur
329 1483 445 1555 peditum
454 1483 628 1554 equitumque,
639 1482 860 1554 eonsmgutneoso

46 1558 193 1624 Germanou,
210 1559 303 1616 Gallias
320 1560 388 1616 idem
405 1560 544 1632 cupientes.
580 1561 622 1616 Ne
640 1560 764 1616 Romanis
783 1560 839 1631 qui·

46 1633 104 1691 dem
122 1637 252 1708 ingratum
269 1637 297 1693 id
319 1638 423 1704 bellum,
442 1638 516 1708 eujus
540 1637 685 1710 ambiguam
709 1637 839 1692 fortunam

45 1712 204 1784 Vespasiano
215 1713 401 1784 imputaturos:
420 1714 535 1770 victoriae
544 1716 668 1771 rationem
676 1733 729 1771 non
740 1712 838 1770 reddi.’'

45 1788 143 1860 Magno
164 1807 223 1844 eum
243 1808 348 1846 assensu
367 1790 477 1856 auditus,
501 1791 606 1847 barbaro
625 1791 680 1846 ritu
700 1795 727 1846 et
750 1787 885 1862 patriis15

46 1866 263 1922 exsecrationibus
282 1869 414 1923 universos
434 1867 521 1938 adigit.
557 1869 634 1923 Missi
658 1868 690 1922 ad
714 1869 841 1923 Cannine-

46 1943 113 1996 fates
132 1943 176 2011 qui
194 1942 298 1996 consilia
318 1944 451 1998 sociarent.
488 1944 527 1998 Ea
548 1963 611 2015 gens
632 1947 731 2014 partem
751 1943 840 1997 insulas

47 2018 117 2082 colit,
142 2017 248 2087 origine,
274 2018 368 2089 lingua,
392 2019 497 2084 virtute,
522 2038 567 2089 par
590 2020 713 2084 Batavis3
736 2035 842 2072 numero

48 2097 211 2165 superantur.
247 2094 312 2150 Mox
331 2095 437 2149 oeoultis
458 2095 556 2149 nuntiis
572 2095 676 2166 pellexit
694 2095 866 2152 Britannicae

48 2171 151 2237 auxilia,
169 2171 327 2226 Batavorum
343 2171 461 2227 cohortes
479 2171 569 2227 missas
585 2172 613 2226 11
632 2171 800 2236 Germaniam,
813 2173 844 2226 ut

51 2267 130 2320 supra
141 2248 284 2318 retulimus,
297 2266 327 2304 ao
338 2251 393 2302 tum
410 2248 571 2320 Mogontiaci
586 2251 700 2320 agentes.
735 2248 801 2303 llret
818 2247 846 2304 in

49 2325 261 2382 Canninefatibus
278 2325 378 2381 stolidae
394 2324 504 2380 audaciae
518 2326 624 2392 Brinno,
638 2325 753 2380 claritate
772 2329 846 2380 nata-

48 2403 111 2458 bam
123 2403 224 2475 insign
262 2405 340 2459 Pater
351 2403 414 2474 ejus,
427 2403 508 2458 multa
518 2403 624 2458 hostilia
641 2421 727 2473 aursus,
739 2402 868 2459 Gaiana-8

48 2499 106 2535 rum
119 2481 309 2551 expeditionuun
321 2478 457 2535 ludibrium
468 2480 573 2550 impune
586 2483 724 2550 spreverat.
760 2480 848 2552 Igitur

49 2557 106 2628 ipso
118 2557 218 2613 rebellis
230 2558 331 2614 familia
340 2558 441 2612 nomine
451 2558 553 2628 placuit,
564 2557 753 2628 impositusque
765 2561 847 2626 sento,

49 2651 121 2690 more
145 2634 237 2705 gentis,
262 2638 290 2690 et
313 2634 494 2690 sustinentium
511 2634 624 2690 humeris
648 2632 769 2700 vibratus,
795 2635 848 2689 dux

52 2709 181 2781 deligitur.
219 2711 362 2784 Statimque
371 2711 458 2768 aeeitis
470 2710 559 2768 Frisiis
570 2711 776 2784 (Transrhenana
784 2717 871 2781 genas
