2104 3022
94 230 197 281 mm]
330 169 515 219 Aomcona
533 170 637 250 tid-bl.
829 169 877 222 277

94 279 174 350 Igitur
191 282 221 334 ut
238 278 330 334 Batavi
347 281 453 336 miseere
469 280 543 345 iotam,
562 280 639 336 ferire
656 279 815 347 umbonibus,
834 298 879 337 ors

94 355 190 421 fedare,
209 359 235 410 et
253 357 341 411 stratis
361 357 405 428 qui
422 357 450 410 in
469 374 541 427 aequo
559 356 718 422 adstiterunt,
738 357 834 428 erigere
850 357 879 412 in

93 431 164 486 eolles
181 433 260 487 aciem
284 450 389 504 coepere,
411 436 510 488 caeterae
529 433 653 499 cohortes,
675 433 833 488 aemulatione
851 437 878 489 et

92 507 187 577 impetn
201 509 351 576 commixta,
363 509 491 578 proximos
508 526 622 580 quosque
638 509 746 565 credme:
766 528 795 566 ao
806 509 880 581 pleri-

93 600 139 654 que
151 584 287 640 semineces
300 589 345 639 aut
356 584 450 656 integri
462 584 625 640 festinatione
637 585 747 642 vietonae
755 586 880 656 relinque·

92 657 190 715 bantur.
239 661 345 714 Interim
369 661 484 731 equitum
508 664 599 716 turmae
622 661 719 732 fugere,
743 660 901 721 eoviumriin

92 734 203 804 peditum
221 753 249 790 se
266 736 352 806 praelio
369 737 500 792 miscdere.
536 738 572 790 Itt
591 735 880 808 quanquamreeentem

91 812 211 865 terrorem
223 811 368 878 intulerant,
383 812 467 867 densis
479 816 565 867 tamen
577 812 688 867 hostium
700 814 842 885 agminibus
853 823 880 870 et

90 885 253 956 inaequalibus
276 887 338 942 loeis
362 887 505 953 herebant3
530 887 683 958 minimeque
702 888 721 958 †
741 897 879 959 equestres.

90 960 130 1016 ua
147 963 214 1016 enirn
231 981 323 1034 pugnae
340 963 418 1018 facies
436 966 490 1018 erat
508 981 566 1018 cum
584 981 653 1032 aegra
670 963 715 1018 diu
733 968 777 1018 aut
795 969 902 1022 stantes

91 1037 165 1091 simul
176 1055 299 1107 equorum
315 1038 461 1109 corporibus
478 1038 683 1108 impellerentur3
702 1056 732 1094 ac
743 1058 810 1108 sepe
822 1041 878 1110 vagi

90 1129 187 1177 currus,
201 1114 315 1168 exterriti
333 1115 388 1168 sine
404 1113 545 1170 rectoribus
562 1114 628 1184 equi,
640 1118 671 1168 ut
688 1133 813 1185 quemque
829 1116 880 1169 for-

89 1187 157 1242 mido
175 1187 276 1255 tulerat,
293 1192 452 1244 banssersos
470 1195 515 1244 aut
534 1189 621 1244 obvios
638 1189 808 1244 incursabant.
844 1191 879 1245 m
887 1191 924 1250 37

88 1263 214 1328 Britanni,
236 1264 280 1334 qui
303 1264 385 1319 adhuc
404 1283 496 1336 pugnae
520 1269 638 1336 expertes
660 1283 758 1320 summa
778 1265 880 1320 collium

88 1338 233 1394 insederant
250 1343 277 1394 et
294 1340 448 1410 paucitatem
466 1344 611 1396 nostrorum
629 1341 702 1396 vacui
720 1339 881 1411 spernebant,

88 1413 193 1486 degredi
208 1414 330 1485 paulatim
347 1419 374 1471 et
390 1417 522 1472 circumire
538 1420 612 1488 terga
627 1417 783 1472 vincentium
801 1435 880 1488 erepe-

86 1495 154 1556 rant,
167 1487 194 1545 ni
205 1491 232 1546 id
243 1494 327 1562 ipsum
336 1491 432 1548 veritus
444 1493 563 1564 Agricola
573 1496 682 1564 quatuor
693 1493 807 1563 equitunn
819 1493 879 1558 alos,

87 1566 121 1621 nd
136 1567 222 1622 subita
236 1567 296 1623 belli
311 1571 431 1634 retentas,
445 1569 605 1624 venientibus
621 1569 790 1640 opposuisset,
803 1587 880 1640 quan·

86 1644 166 1713 toque
186 1644 295 1698 ferocius
320 1649 521 1713 accucurrerant,
541 1648 615 1700 tento
638 1645 721 1702 aerius
744 1645 831 1716 pulsos
853 1645 881 1700 in

86 1717 176 1788 fugam
188 1719 347 1790 disjecisset.¹
371 1721 415 1775 Ita
430 1721 562 1777 consilium
577 1722 757 1778 Britannorum
774 1722 802 1778 iu
811 1722 903 1792 ipsese

87 1811 199 1859 versum,
210 1798 412 1867 transvectaque
424 1801 551 1867 praecepto
563 1796 634 1852 ducis
647 1798 754 1852 abente
766 1815 881 1868 pugnan-

84 1869 153 1928 tium
167 1871 213 1926 ale
229 1889 342 1928 aversam
358 1873 470 1927 hostium
486 1873 565 1928 aciem
580 1873 701 1928 invasere.
737 1873 804 1927 Tum
819 1889 880 1926 vero

84 1947 237 2016 patentibus
255 1947 317 2004 loeis
333 1948 428 2019 grande
444 1951 470 2003 et
486 1951 560 2002 atrox
577 1948 757 2018 spectaculum.
794 1947 879 2016 Sequi,

83 2023 227 2089 vulnerare,
245 2042 342 2096 capere,
356 2027 432 2094 atque
448 2023 549 2078 eosdem
565 2023 656 2078 oblatis
673 2023 728 2078 aliis
743 2021 878 2078 trucidare.

5 2161 10 2180 .
83 2097 150 2154 Jam
173 2100 292 2166 hostium,
317 2099 393 2171 prout
417 2100 507 2170 cuique
531 2099 660 2171 ingenium
684 2102 746 2164 eret,
771 2102 901 2160 catervaee

83 2179 242 2231 armatorum
254 2176 414 2247 paucioribus
430 2180 503 2246 terga
514 2179 644 2246 prestare,
657 2175 759 2247 quidam
771 2175 879 2230 inermes

82 2252 157 2306 ultro
173 2270 246 2308 ruere
263 2270 292 2307 ae
308 2271 336 2308 se
351 2253 428 2307 morti
443 2253 541 2306 offerre.
578 2251 677 2306 Passim
693 2269 762 2306 arma
777 2254 804 2306 et
821 2267 878 2305 cor·

81 2345 150 2398 pora
168 2332 195 2382 et
215 2329 290 2384 laceri
308 2332 379 2384 artus
400 2331 427 2383 et
447 2331 552 2384 eruenta
572 2329 679 2394 humus;
698 2333 725 2383 et
746 2325 879 2398 aliqnando

81 2403 164 2458 etiam
181 2405 256 2460 vietis
274 2405 312 2460 ira
328 2405 467 2476 virtusque.
502 2405 642 2474 Postquam
658 2404 727 2460 silvis
746 2405 903 2476 appropia-4

81 2484 238 2550 quavernnt,
256 2481 356 2537 collecti
371 2481 465 2552 primos
483 2481 652 2551 sequentium,
667 2481 784 2536 incautos
802 2485 829 2536 et
843 2481 880 2536 lo·

80 2573 176 2611 conum
198 2557 308 2628 ignaros,
333 2556 569 2613 circumveniebant.
613 2557 690 2617 Quod
710 2559 737 2612 ni
760 2559 879 2627 frequens

79 2629 182 2703 ubique
194 2633 314 2704 Agricola
329 2633 424 2688 validas
436 2636 463 2688 et
475 2631 605 2702 expedItas
621 2633 738 2688 cohortes
754 2631 879 2701 indaginis

79 2708 171 2774 modo,
184 2713 211 2764 et
223 2709 303 2766 sicubi
317 2707 428 2770 'arctiora
438 2711 518 2776 erant,
530 2711 628 2778 purtem
640 2705 877 2778 equitumdimissis
