2104 3022
180 117 231 170 274
517 121 639 171 TACH'I

809 185 847 246 [Α.
858 183 885 223 υ.
895 184 917 224 o.
927 181 974 226 aaa.

180 227 380 286 d'reemionibua
396 245 427 287 ao
444 231 577 288 dinoordia
593 233 656 289 olari
669 233 733 288 vitia
747 231 859 288 hortum
877 234 905 288 in
921 234 975 304 glo·

181 305 246 395 riam
255 307 386 396 exeditur
397 308 438 363 oui
448 312 567 376 verinum
585 327 667 381 quem,
676 313 835 366 oontreotum
847 327 881 364 ex
893 309 974 364 direr-

160 384 974 533 2ffissriffliidruiuitditffiaiiiiipiiffi

181 535 364 591 Britannorum
383 536 525 608 plerosque,
544 538 603 594 lioet
623 538 791 593 dominationi
810 537 897 592 aiiena
917 553 974 592 ean·

181 611 284 682 guinem
296 611 463 678 commodent,
477 613 573 669 diutino
589 615 675 670 tamen
690 614 777 669 hortea
789 629 865 685 qaam
877 629 972 678 servos,

180 686 230 742 ide
241 691 269 743 et
280 687 374 744 affeetu
388 689 471 744 teneri
485 689 591 759 potatio.
627 690 716 745 Metuo
732 694 759 745 et
776 693 859 745 terror
873 693 921 754 eat,
935 689 974 743 in-

180 763 253 818 firma
268 763 352 820 vinela
368 764 497 832 mritatim
522 783 579 838 quae
598 765 643 820 ubi
661 767 803 834 removeris,
822 766 866 837 qui
882 765 974 819 timere

180 838 309 908 desierint,
320 840 405 896 odisee
416 841 545 912 inoipient.
580 841 674 897 Omnia
684 843 797 898 notorio
808 841 975 896 incitamenta

158 925 228 988 opro
243 916 316 972 nobie
332 921 400 972 eunt.
437 917 522 974 Nulla
537 918 667 974 Romanos
683 921 806 989 eonjugeo
822 916 971 982 aooendunt,

179 992 243 1048 nulii
254 999 372 1065 perentee
387 993 476 1066 iugum
491 993 670 1064 exprobraturi
684 998 760 1060 suat3
779 996 824 1048 aut
840 993 911 1048 nulla
920 992 974 1062 ple-

178 1069 265 1142 risque
282 1069 503 1140 patrimonalia
522 1072 570 1124 ert.
606 1070 706 1124 Pauooo
726 1087 839 1134 numero,
858 1068 973 1139 trepidos

178 1145 329 1216 ignorantia,
342 1145 431 1201 arulum
442 1147 526 1216 iprum
543 1162 574 1200 eo
587 1163 657 1200 mare
674 1149 701 1200 et
719 1145 803 1212 ailam,
815 1145 904 1216 ignota
918 1161 975 1198 om-

178 1221 223 1276 nia
237 1222 487 1292 oneumnpeotantoa
505 1222 605 1276 olaueor
623 1221 807 1292 quodammodo
824 1239 854 1276 ae
872 1217 974 1276 vinetus

157 1297 208 1354 edi
226 1299 299 1354 nobis
316 1297 485 1354 tradiderunt
521 1299 563 1354 Ne
580 1302 676 1354 terreat
700 1315 781 1354 vanua
804 1301 924 1370 anpootno
945 1301 975 1352 et

70 1407 74 1412 ·
179 1375 235 1429 auri
245 1375 331 1446 fulgor
347 1378 425 1446 atque
442 1374 550 1446 argenti,
563 1374 631 1446 qaod
642 1391 725 1445 neque
740 1375 807 1446 tegit
822 1391 905 1444 neque
915 1373 975 1428 rul-

178 1454 258 1505 neret.
290 1451 324 1506 In
334 1451 390 1521 ipsa
401 1451 516 1506 hostiam
526 1451 581 1506 aoie
592 1451 749 1506 inveniemus
760 1454 861 1505 nostrae
872 1465 973 1504 manns.

177 1527 326 1595 Aguoeoent
341 1527 460 1582 Britanni
475 1543 549 1581 auam
565 1544 674 1591 oausam,
687 1525 888 1582 reeordabuntur
906 1526 974 1581 Galli

178 1601 287 1672 priorem
299 1600 456 1656 libertatem:
476 1601 593 1656 deserent
608 1602 665 1657 iilos
676 1604 763 1658 onteri
775 1601 901 1667 Germani,
915 1606 975 1656 tan·

179 1694 253 1748 quam
270 1693 353 1747 anper
369 1677 457 1746 Usipii
476 1677 640 1748 reliquenmt.
676 1679 734 1734 Nee
751 1679 887 1750 quiequam
903 1678 975 1733 ultra

157 1751 326 1810 ofomidr'nir.
362 1753 452 1808 Veooa
467 1753 577 1819 noitello,
589 1771 680 1810 uenum
698 1755 809 1820 mioniae,
822 1755 891 1810 inter
904 1755 974 1809 male

178 1833 297 1900 parentes
312 1831 341 1885 et
356 1829 453 1901 injuste
467 1829 622 1900 imperantes
640 1847 709 1902 egra
725 1831 863 1901 manioipia
877 1834 904 1886 et
922 1829 973 1885 dis·

177 1906 316 1962 eordentia
352 1907 406 1963 Hio
423 1905 484 1971 dux,
496 1907 538 1962 hio
550 1907 696 1962 exeroitrm:
715 1907 751 1962 ibi
766 1907 865 1962 tribute
879 1909 907 1962 et
918 1921 972 1962 me·

178 1983 240 2039 teila
257 1987 283 2040 et
300 1989 400 2039 eaterue
417 1983 583 2040 ammentum
605 1999 694 2053 poenae,
714 1999 777 2054 qaae
796 1983 824 2038 in
847 1985 973 2038 aeternum

178 2060 291 2130 perferre
303 2063 348 2115 ant
360 2061 449 2115 statim
460 2060 549 2115 aloisoi
566 2060 593 2114 in
604 2059 653 2114 hoo
670 2075 759 2130 eampo
776 2062 823 2114 eet.
860 2057 973 2113 Proinde

178 2136 241 2191 ituri
253 2137 280 2192 in
291 2137 370 2192 aeiem
382 2140 409 2192 et
420 2139 530 2206 majorae
546 2139 646 2191 vestroe
660 2142 687 2190 et
697 2139 815 2206 posteros
831 2135 971 2206 eogitate.”

134 2208 310 2284 83Exoepere
326 2213 468 2268 orationem
485 2211 588 2280 alaorea
605 2215 636 2266 at
656 2211 769 2267 barbaria
789 2212 875 2278 morie,
893 2214 972 2266 oantu

177 2289 332 2360 fremituque
352 2293 380 2345 et
400 2287 552 2344 clamoribus
576 2287 693 2343 dissonis.
728 2289 838 2359 Jamque
860 2288 970 2358 agmina

178 2371 205 2418 ot
226 2383 352 2420 annorum
366 2365 479 2437 fulgor-eo
498 2365 673 2421 audentissimi
690 2367 813 2437 oujauqae
829 2383 971 2436 proourea:

178 2439 254 2492 simul
270 2440 444 2496 instruebatur
461 2441 535 2508 acies,
554 2459 613 2498 oum
631 2442 750 2515 Agrieola
766 2457 911 2514 quanquam
929 2440 972 2495 ite·

177 2516 234 2566 tum
246 2524 273 2568 et
280 2514 326 2568 vix
338 2517 502 2574 munimentis
514 2519 653 2574 oodroitum
665 2521 770 2576 ailitem
782 2517 972 2575 aeeeadendum

156 2587 261 2644 aedhao
277 2591 357 2652 rotun
369 2590 409 2644 ita
420 2591 540 2648 ‹iiasmuit
549 2595 731 2651 z-“Ootaras
748 2613 830 2650 annus
843 2599 889 2660 eet,
903 2611 973 2649 oom-

178 2662 312 2728 militoneo,
327 2664 361 2718 e'x
379 2683 430 2734 quo
446 2668 542 2724 virtute
557 2673 584 2724 et
604 2673 722 2742 erumnis
735 2672 833 2742 imperii
852 2672 976 2742 Romani,
