2104 3022
181 101 231 152 240
519 97 640 146 ΤΔΟΙΤΙ
733 99 734 104 ’

182 230 281 268 morum
305 215 404 284 purtem
426 225 508 280 mogus
536 206 686 263 laudaveris.
722 205 791 261 Num
819 221 898 276 prope
927 203 976 260 soli

184 289 351 345 barbarorum
368 285 475 356 singulis
495 283 619 339 uxoribus
637 283 752 339 eontenti
770 285 840 346 sunt,
861 282 976 352 exeeptis

185 363 321 420 admodum
338 362 435 433 penem,
450 360 496 431 qui
512 378 565 415 non
579 359 690 427 libidine,
703 358 749 414 sed
765 357 798 413 ob
816 357 977 413 nobilitatem

161 440 302 512 uplurimis
320 437 418 509 nuptiis
434 436 588 492 ambiuntur.
624 437 719 491 Dotem
734 453 787 490 non
797 451 863 488 uxor
874 434 976 500 morito,

187 517 234 572 sed
251 515 326 570 uxori
344 514 451 570 muribus
470 513 553 568 offert.
589 513 724 568 Intersunt
737 513 856 583 parentes
874 514 902 565 et
919 527 978 581 pro·

184 591 281 662 pinqni,
307 608 337 645 so
360 607 467 644 munere
489 588 607 660 probent,
630 606 736 644 munere
752 605 805 642 non
821 586 854 640 ed
874 585 976 642 delicias

184 666 322 722 muliebres
342 665 457 737 quesite,
478 683 526 720 neo
547 665 640 736 quibus
660 682 727 720 nove
746 667 828 734 nupto
851 665 975 726 oomstur,

185 744 231 796 sed
251 741 334 808 boves,
347 745 374 797 et
394 743 521 796 frenatum
539 759 640 812 equum,
652 744 679 796 et
691 743 793 796 sontum
804 757 864 795 oum
880 739 978 794 frumen

162 817 327 889 tglsdioque.
364 817 398 872 In
408 818 462 872 haeo
473 835 580 873 munere
594 835 659 872 uxor
676 816 806 887 decipitur,
822 818 901 886 atque
913 815 978 870 invi-

185 912 242 949 cem
253 894 309 966 ipss
321 911 449 949 armornm
461 893 557 964 uliqnid
574 893 629 948 viro
644 893 725 948 uffert.
761 892 821 948 Hoo
836 891 975 946 maximum
1034 937 1036 970 ἶ

185 970 323 1036 vinuulum,
341 971 396 1026 heo
412 987 503 1025 moena
519 987 597 1035 saera,
614 970 661 1024 hos
677 968 821 1040 oonjngules
838 967 901 1023 deos
914 968 977 1024 erbi-

163 1049 297 1102 4trenlur.
333 1047 375 1102 Ne
399 1065 427 1102 se
450 1046 541 1101 mulier
564 1049 637 1101 extro
660 1045 785 1100 virtutum
808 1043 978 1114 eogitetionos

187 1127 311 1194 extroque
331 1121 454 1178 bellorum
474 1139 549 1177 ossus
571 1124 656 1192 putet,
673 1121 736 1192 ipsis
755 1119 902 1190 incipientis
926 1137 978 1174 mu-

187 1199 301 1254 trimonii
321 1199 440 1269 auspiciis
460 1197 616 1263 admonetur,
634 1197 720 1254 venire
737 1215 765 1252 se
780 1195 896 1251 laborum
913 1196 980 1267 peri·

187 1275 351 1346 unionumque
363 1275 464 1339 soniam,
481 1273 549 1329 idem
566 1273 594 1329 in
607 1291 676 1344 pene,
689 1272 756 1328 idom
773 1273 800 1327 in
817 1271 905 1342 prelio
921 1290 980 1342 pus·

164 1355 272 1404 isuram
295 1368 470 1420 ausurumque.
506 1350 566 1405 Hoo
587 1349 671 1421 junoti
693 1349 778 1415 boves,
801 1349 849 1403 boo
872 1352 978 1418 peruius

187 1443 276 1496 equus,
293 1426 341 1480 hoo
359 1425 420 1480 data
437 1443 507 1480 ernis
525 1425 683 1481 denuntient.
720 1425 763 1480 Sic
778 1423 923 1489 vivendum,
942 1424 979 1478 sie

187 1499 360 1569 pereundum:
382 1501 495 1571 uooipere
513 1519 541 1556 so
558 1520 614 1572 quoe
627 1501 713 1558 liberis
727 1501 849 1557 inviolate
860 1517 890 1555 eo
902 1499 980 1572 dignu

186 1574 284 1640 reddat,
310 1593 366 1645 quae
389 1593 471 1632 nurus
495 1577 627 1648 oooipisnt,
651 1595 792 1648 rursusque
815 1575 849 1631 sd
871 1580 980 1648 nepotes

141 1643 178 1702 19
187 1649 337 1705 referantur.
374 1651 444 1722 Ergo
462 1655 542 1721 saepta
561 1653 684 1724 pudicitie
704 1659 791 1725 egunt,
813 1650 890 1707 nullis
908 1670 981 1723 spon·

187 1725 330 1780 teonlorum
349 1726 482 1794 illeoebris,
500 1727 576 1784 nullis
600 1730 774 1785 oonviviorum
793 1728 980 1784 irritationibus

188 1806 322 1874 oorruptee.
357 1803 505 1860 Liberorum
524 1809 623 1861 seorete
641 1807 689 1862 viri
712 1807 808 1878 puriter
830 1823 861 1860 uo
878 1805 981 1860 feminus

163 1879 314 1950 lignorant.
350 1881 507 1936 Puuoissimo
529 1882 557 1936 in
578 1885 632 1937 tum
655 1901 790 1938 numerose
809 1885 887 1954 gente
912 1881 983 1936 ndul-

188 1956 268 2023 teriu3
299 1975 408 2028 quorum
431 1975 507 2028 poenu
535 1976 645 2028 presens
675 1962 702 2014 et
725 1958 823 2014 munitis
846 1957 981 2029 permisso

188 2032 304 2088 Absoisis
320 2033 441 2099 orinibus,
460 2033 589 2100 nudatam,
608 2051 693 2090 eoram
708 2034 857 2106 propinquis
876 2034 982 2105 expellit

190 2109 265 2165 donno
289 2110 404 2176 meritus,
429 2127 459 2165 ao
482 2128 528 2182 per
555 2128 655 2165 ornnem
678 2110 763 2166 vinum
785 2109 891 2167 verbero
919 2111 982 2183 ugit.

165 2185 328 2241 8Publicatae
340 2186 407 2242 enim
420 2185 550 2258 pudicitior
565 2185 635 2240 nullu
650 2186 738 2242 venie:
762 2204 815 2242 non
825 2185 918 2252 forma,
931 2205 983 2242 non

190 2264 274 2326 stote,
287 2280 340 2316 non
351 2262 443 2332 opibus
455 2263 575 2317 maritum
586 2263 719 2318 invenerit.
755 2263 840 2318 Nemo
848 2261 920 2318 enim
932 2263 985 2320 illie

188 2335 252 2389 vitia
265 2336 340 2404 ridet,
355 2355 402 2394 neo
420 2355 582 2409 eorrumpere
600 2341 627 2394 et
643 2339 771 2410 eorrumpi
782 2338 898 2394 seoulum
909 2357 983 2395 vooe·

188 2410 240 2461 tur.
276 2410 372 2465 Melius
402 2413 506 2482 quidem
530 2413 613 2470 adhue
636 2432 673 2471 eae
696 2409 812 2470 mulotes
835 2413 985 2486 inquibus

188 2483 290 2534 lentum
308 2483 420 2552 virgines
438 2488 549 2554 nubunt,
569 2493 596 2545 et
616 2508 675 2546 oum
695 2507 740 2562 spe
759 2494 872 2561 votoque
893 2492 985 2548 uxoris

164 2554 267 2607 esemel
282 2557 441 2626 transigitur,
479 2563 522 2617 Sio
538 2582 618 2620 unum
636 2566 764 2638 aeoipiunt
781 2566 903 2622 munitum
921 2586 987 2639 quo·
1030 2565 1031 2615 l

189 2625 265 2682 modo
281 2645 361 2683 unum
379 2648 471 2702 eorpus
489 2655 618 2710 unumque
636 2642 723 2708 vitem,
741 2661 774 2700 no
790 2642 842 2698 ullu
858 2644 984 2715 eogitutio
