<?xml version="1.0" encoding="UTF-8"?>
<!DOCTYPE html PUBLIC "-//W3C//DTD XHTML 1.0 Transitional//EN"
    "http://www.w3.org/TR/xhtml1/DTD/xhtml1-transitional.dtd">
<html xmlns="http://www.w3.org/1999/xhtml" xml:lang="en" lang="en">
 <head>
  <title>
</title>
<meta http-equiv="Content-Type" content="text/html;charset=utf-8" />
  <meta name='ocr-system' content='tesseract 3.04.00' />
  <meta name='ocr-capabilities' content='ocr_page ocr_carea ocr_par ocr_line ocrx_word'/>
</head>
<body>
  <div class='ocr_page' id='page_1' title='image "./opera01tacigoog_0107.png"; bbox 0 0 2096 3038; ppageno 0'>
   <div class='ocr_carea' id='block_1_1' title="bbox 159 161 949 268">
    <p class='ocr_par' dir='ltr' id='par_1_1' title="bbox 159 161 949 268">
     <span class='ocr_line' id='line_1_1' title="bbox 159 161 613 213; baseline -0.007 0"><span class='ocrx_word' id='word_1_1' title='bbox 159 165 205 213; x_wconf 85' lang='lat'><strong>100</strong></span> <span class='ocrx_word' id='word_1_2' title='bbox 493 161 613 212; x_wconf 74' lang='lat' dir='ltr'><strong>raom</strong></span> 
     </span>
     <span class='ocr_line' id='line_1_2' title="bbox 798 225 949 268; baseline 0.026 -4"><span class='ocrx_word' id='word_1_3' title='bbox 798 226 823 264; x_wconf 88' lang='lat' dir='ltr'><strong>a.</strong></span> <span class='ocrx_word' id='word_1_4' title='bbox 834 226 863 265; x_wconf 83' lang='lat' dir='ltr'><strong>u.</strong></span> <span class='ocrx_word' id='word_1_5' title='bbox 871 226 893 265; x_wconf 90' lang='lat' dir='ltr'><strong>o.</strong></span> <span class='ocrx_word' id='word_1_6' title='bbox 903 225 949 268; x_wconf 78' lang='lat' dir='ltr'><strong>aaa</strong></span> 
     </span>
    </p>
   </div>
   <div class='ocr_carea' id='block_1_2' title="bbox 49 225 952 804">
    <p class='ocr_par' dir='ltr' id='par_1_2' title="bbox 49 225 952 804">
     <span class='ocr_line' id='line_1_3' title="bbox 157 225 952 346; baseline -0.001 -15"><span class='ocrx_word' id='word_1_7' title='bbox 157 291 191 331; x_wconf 83' lang='lat' dir='ltr'><strong>nn</strong></span> <span class='ocrx_word' id='word_1_8' title='bbox 209 273 316 330; x_wconf 84' lang='lat' dir='ltr'><strong>accincti</strong></span> <span class='ocrx_word' id='word_1_9' title='bbox 334 272 418 328; x_wconf 78' lang='lat' dir='ltr'><strong>forent</strong></span> <span class='ocrx_word' id='word_1_10' title='bbox 430 273 579 344; x_wconf 72' lang='lat' dir='ltr'><strong>rogitantes.</strong></span> <span class='ocrx_word' id='word_1_11' title='bbox 615 275 676 330; x_wconf 81' lang='lat' dir='ltr'><strong>Non</strong></span> <span class='ocrx_word' id='word_1_12' title='bbox 687 273 749 330; x_wconf 86' lang='lat' dir='ltr'><strong>tulit</strong></span> <span class='ocrx_word' id='word_1_13' title='bbox 763 225 901 346; x_wconf 79' lang='lat' dir='ltr'><strong>lddibrium</strong></span> <span class='ocrx_word' id='word_1_14' title='bbox 914 277 952 330; x_wconf 88' lang='lat' dir='ltr'><strong>in·</strong></span> 
     </span>
     <span class='ocr_line' id='line_1_4' title="bbox 157 350 951 422; baseline 0 -15"><span class='ocrx_word' id='word_1_15' title='bbox 157 352 241 408; x_wconf 89' lang='lat' dir='ltr'><strong>solens</strong></span> <span class='ocrx_word' id='word_1_16' title='bbox 257 350 416 406; x_wconf 79' lang='lat' dir='ltr'><strong>contumeliae</strong></span> <span class='ocrx_word' id='word_1_17' title='bbox 434 350 549 406; x_wconf 79' lang='lat' dir='ltr'><strong>animm:</strong></span> <span class='ocrx_word' id='word_1_18' title='bbox 574 351 695 406; x_wconf 82' lang='lat' dir='ltr'><strong>inermem</strong></span> <span class='ocrx_word' id='word_1_19' title='bbox 714 351 836 422; x_wconf 80' lang='lat' dir='ltr'><strong>populum</strong></span> <span class='ocrx_word' id='word_1_20' title='bbox 859 351 951 422; x_wconf 75' lang='lat' dir='ltr'>gladiis</span> 
     </span>
     <span class='ocr_line' id='line_1_5' title="bbox 134 427 951 497; baseline 0.005 -17"><span class='ocrx_word' id='word_1_21' title='bbox 134 429 278 484; x_wconf 75' lang='lat' dir='ltr'><strong>tiarasere.</strong></span> <span class='ocrx_word' id='word_1_22' title='bbox 316 427 405 481; x_wconf 85' lang='lat' dir='ltr'><strong>Ososus</strong></span> <span class='ocrx_word' id='word_1_23' title='bbox 425 427 492 482; x_wconf 89' lang='lat' dir='ltr'><strong>inter</strong></span> <span class='ocrx_word' id='word_1_24' title='bbox 513 427 574 482; x_wconf 86' lang='lat' dir='ltr'><strong>alios</strong></span> <span class='ocrx_word' id='word_1_25' title='bbox 592 431 666 497; x_wconf 85' lang='lat' dir='ltr'><strong>pater</strong></span> <span class='ocrx_word' id='word_1_26' title='bbox 681 427 777 494; x_wconf 89' lang='lat' dir='ltr'><strong>militis,</strong></span> <span class='ocrx_word' id='word_1_27' title='bbox 794 445 853 482; x_wconf 90' lang='lat' dir='ltr'><strong>oum</strong></span> <span class='ocrx_word' id='word_1_28' title='bbox 870 427 951 484; x_wconf 83' lang='lat' dir='ltr'><strong>fllium</strong></span> 
     </span>
     <span class='ocr_line' id='line_1_6' title="bbox 156 503 950 575; baseline -0.003 -15"><span class='ocrx_word' id='word_1_29' title='bbox 156 505 338 569; x_wconf 87' lang='lat' dir='ltr'><strong>comitaretur;</strong></span> <span class='ocrx_word' id='word_1_30' title='bbox 357 503 447 558; x_wconf 87' lang='lat' dir='ltr'><strong>deinde</strong></span> <span class='ocrx_word' id='word_1_31' title='bbox 465 503 575 574; x_wconf 88' lang='lat' dir='ltr'><strong>agnitus,</strong></span> <span class='ocrx_word' id='word_1_32' title='bbox 597 507 631 568; x_wconf 89' lang='lat' dir='ltr'><strong>et,</strong></span> <span class='ocrx_word' id='word_1_33' title='bbox 646 503 749 574; x_wconf 85' lang='lat' dir='ltr'><strong>vulgata</strong></span> <span class='ocrx_word' id='word_1_34' title='bbox 767 503 842 572; x_wconf 73' lang='lat' dir='ltr'><strong>cade,</strong></span> <span class='ocrx_word' id='word_1_35' title='bbox 855 510 950 575; x_wconf 78' lang='lat' dir='ltr'><strong>tempe</strong></span> 
     </span>
     <span class='ocr_line' id='line_1_7' title="bbox 156 579 950 650; baseline 0.001 -15"><span class='ocrx_word' id='word_1_36' title='bbox 156 585 241 635; x_wconf 88' lang='lat' dir='ltr'><strong>ratum</strong></span> <span class='ocrx_word' id='word_1_37' title='bbox 253 579 285 635; x_wconf 88' lang='lat' dir='ltr'><strong>ab</strong></span> <span class='ocrx_word' id='word_1_38' title='bbox 296 579 413 634; x_wconf 81' lang='lat' dir='ltr'><strong>innoxiis.</strong></span> <span class='ocrx_word' id='word_1_39' title='bbox 450 579 483 633; x_wconf 89' lang='lat' dir='ltr'><strong>In</strong></span> <span class='ocrx_word' id='word_1_40' title='bbox 494 579 558 634; x_wconf 86' lang='lat' dir='ltr'><strong>urbe</strong></span> <span class='ocrx_word' id='word_1_41' title='bbox 569 583 656 634; x_wconf 88' lang='lat' dir='ltr'><strong>tamen</strong></span> <span class='ocrx_word' id='word_1_42' title='bbox 667 579 831 650; x_wconf 87' lang='lat' dir='ltr'><strong>trepidatum,</strong></span> <span class='ocrx_word' id='word_1_43' title='bbox 841 599 950 650; x_wconf 74' lang='lat' dir='ltr'><strong>precur-</strong></span> 
     </span>
     <span class='ocr_line' id='line_1_8' title="bbox 156 655 948 727; baseline 0.003 -16"><span class='ocrx_word' id='word_1_44' title='bbox 156 655 271 712; x_wconf 89' lang='lat' dir='ltr'><strong>rentibus</strong></span> <span class='ocrx_word' id='word_1_45' title='bbox 289 655 383 724; x_wconf 90' lang='lat' dir='ltr'><strong>passim</strong></span> <span class='ocrx_word' id='word_1_46' title='bbox 400 655 531 710; x_wconf 78' lang='lat' dir='ltr'><strong>militibus.</strong></span> <span class='ocrx_word' id='word_1_47' title='bbox 566 655 661 710; x_wconf 82' lang='lat' dir='ltr'><strong>Ilorum</strong></span> <span class='ocrx_word' id='word_1_48' title='bbox 686 656 796 710; x_wconf 84' lang='lat' dir='ltr'><strong>maxime</strong></span> <span class='ocrx_word' id='word_1_49' title='bbox 819 656 948 727; x_wconf 89' lang='lat' dir='ltr'><strong>petebant,</strong></span> 
     </span>
     <span class='ocr_line' id='line_1_9' title="bbox 49 731 949 804; baseline 0.008 -22"><span class='ocrx_word' id='word_1_50' title='bbox 49 777 51 782; x_wconf 81' lang='grc'>,</span> <span class='ocrx_word' id='word_1_51' title='bbox 134 733 273 804; x_wconf 75' lang='lat' dir='ltr'><strong>turpidine</strong></span> <span class='ocrx_word' id='word_1_52' title='bbox 294 731 392 786; x_wconf 82' lang='lat' dir='ltr'><strong>visendi</strong></span> <span class='ocrx_word' id='word_1_53' title='bbox 410 731 494 786; x_wconf 88' lang='lat' dir='ltr'><strong>locum</strong></span> <span class='ocrx_word' id='word_1_54' title='bbox 512 732 540 786; x_wconf 90' lang='lat' dir='ltr'><strong>in</strong></span> <span class='ocrx_word' id='word_1_55' title='bbox 557 749 608 802; x_wconf 89' lang='lat' dir='ltr'><strong>quo</strong></span> <span class='ocrx_word' id='word_1_56' title='bbox 627 731 707 786; x_wconf 82' lang='lat' dir='ltr'><strong>Galba</strong></span> <span class='ocrx_word' id='word_1_57' title='bbox 721 731 851 802; x_wconf 89' lang='lat' dir='ltr'><strong>jacuisset.</strong></span> <span class='ocrx_word' id='word_1_58' title='bbox 891 733 949 789; x_wconf 90' lang='lat' dir='ltr'><strong>Noc</strong></span> 
     </span>
    </p>
   </div>
   <div class='ocr_carea' id='block_1_3' title="bbox 83 807 1039 958">
    <p class='ocr_par' dir='ltr' id='par_1_3' title="bbox 83 807 1039 958">
     <span class='ocr_line' id='line_1_10' title="bbox 83 807 1039 882; baseline -0.004 -16"><span class='ocrx_word' id='word_1_59' title='bbox 83 870 87 877; x_wconf 66' lang='grc'>,</span> <span class='ocrx_word' id='word_1_60' title='bbox 155 810 239 864; x_wconf 91' lang='lat' dir='ltr'><strong>minus</strong></span> <span class='ocrx_word' id='word_1_61' title='bbox 252 827 346 863; x_wconf 78' lang='lat' dir='ltr'><strong>savum</strong></span> <span class='ocrx_word' id='word_1_62' title='bbox 359 808 531 878; x_wconf 75' lang='lat' dir='ltr'><strong>spectaculum</strong></span> <span class='ocrx_word' id='word_1_63' title='bbox 543 811 615 862; x_wconf 90' lang='lat' dir='ltr'><strong>erant</strong></span> <span class='ocrx_word' id='word_1_64' title='bbox 627 809 683 878; x_wconf 90' lang='lat' dir='ltr'><strong>ipsi,</strong></span> <span class='ocrx_word' id='word_1_65' title='bbox 697 807 777 879; x_wconf 83' lang='lat' dir='ltr'><strong>tergis</strong></span> <span class='ocrx_word' id='word_1_66' title='bbox 795 808 905 864; x_wconf 86' lang='lat' dir='ltr'><strong>ferarum</strong></span> <span class='ocrx_word' id='word_1_67' title='bbox 921 813 948 864; x_wconf 93' lang='lat' dir='ltr'><strong>et</strong></span> <span class='ocrx_word' id='word_1_68' title='bbox 1038 861 1039 882; x_wconf 19' lang='grc' dir='ltr'>ζ</span> 
     </span>
     <span class='ocr_line' id='line_1_11' title="bbox 154 883 1039 958; baseline -0.006 -16"><span class='ocrx_word' id='word_1_69' title='bbox 154 883 301 958; x_wconf 84' lang='lat' dir='ltr'><strong>ingentibus</strong></span> <span class='ocrx_word' id='word_1_70' title='bbox 317 885 375 941; x_wconf 89' lang='lat' dir='ltr'><strong>telis</strong></span> <span class='ocrx_word' id='word_1_71' title='bbox 391 885 532 949; x_wconf 84' lang='lat' dir='ltr'><strong>horrentes,</strong></span> <span class='ocrx_word' id='word_1_72' title='bbox 552 903 610 940; x_wconf 90' lang='lat' dir='ltr'><strong>eum</strong></span> <span class='ocrx_word' id='word_1_73' title='bbox 628 885 731 940; x_wconf 86' lang='lat' dir='ltr'><strong>turbam</strong></span> <span class='ocrx_word' id='word_1_74' title='bbox 747 885 834 956; x_wconf 91' lang='lat' dir='ltr'><strong>populi</strong></span> <span class='ocrx_word' id='word_1_75' title='bbox 851 903 898 956; x_wconf 89' lang='lat' dir='ltr'><strong>per</strong></span> <span class='ocrx_word' id='word_1_76' title='bbox 909 885 948 940; x_wconf 89' lang='lat' dir='ltr'><strong>in-</strong></span> <span class='ocrx_word' id='word_1_77' title='bbox 1038 893 1039 902; x_wconf 59' lang='lat'>¹</span> 
     </span>
    </p>
   </div>
   <div class='ocr_carea' id='block_1_4' title="bbox 110 960 949 2409">
    <p class='ocr_par' dir='ltr' id='par_1_4' title="bbox 110 960 949 2409">
     <span class='ocr_line' id='line_1_12' title="bbox 155 960 949 1034; baseline -0.001 -15"><span class='ocrx_word' id='word_1_78' title='bbox 155 963 253 1019; x_wconf 86' lang='lat' dir='ltr'><strong>scitiom</strong></span> <span class='ocrx_word' id='word_1_79' title='bbox 265 981 354 1034; x_wconf 88' lang='lat' dir='ltr'><strong>purum</strong></span> <span class='ocrx_word' id='word_1_80' title='bbox 366 960 484 1026; x_wconf 78' lang='lat' dir='ltr'><strong>vitarent,</strong></span> <span class='ocrx_word' id='word_1_81' title='bbox 498 964 551 1026; x_wconf 89' lang='lat' dir='ltr'><strong>aut,</strong></span> <span class='ocrx_word' id='word_1_82' title='bbox 563 961 609 1016; x_wconf 92' lang='lat' dir='ltr'><strong>ubi</strong></span> <span class='ocrx_word' id='word_1_83' title='bbox 619 961 717 1016; x_wconf 89' lang='lat' dir='ltr'><strong>lubrico</strong></span> <span class='ocrx_word' id='word_1_84' title='bbox 728 961 776 1016; x_wconf 79' lang='lat' dir='ltr'><strong>via</strong></span> <span class='ocrx_word' id='word_1_85' title='bbox 787 961 828 1016; x_wconf 83' lang='lat' dir='ltr'><strong>vel</strong></span> <span class='ocrx_word' id='word_1_86' title='bbox 839 979 949 1018; x_wconf 88' lang='lat' dir='ltr'><strong>occursu</strong></span> 
     </span>
     <span class='ocr_line' id='line_1_13' title="bbox 154 1037 947 1112; baseline 0.001 -17"><span class='ocrx_word' id='word_1_87' title='bbox 154 1040 260 1112; x_wconf 88' lang='lat' dir='ltr'><strong>alicujus</strong></span> <span class='ocrx_word' id='word_1_88' title='bbox 281 1038 456 1110; x_wconf 76' lang='lat' dir='ltr'><strong>procidissent,</strong></span> <span class='ocrx_word' id='word_1_89' title='bbox 478 1037 511 1092; x_wconf 87' lang='lat' dir='ltr'><strong>ad</strong></span> <span class='ocrx_word' id='word_1_90' title='bbox 531 1038 652 1108; x_wconf 88' lang='lat' dir='ltr'><strong>jurgium,</strong></span> <span class='ocrx_word' id='word_1_91' title='bbox 675 1056 736 1092; x_wconf 86' lang='lat' dir='ltr'><strong>mox</strong></span> <span class='ocrx_word' id='word_1_92' title='bbox 754 1037 787 1092; x_wconf 91' lang='lat' dir='ltr'><strong>ad</strong></span> <span class='ocrx_word' id='word_1_93' title='bbox 806 1056 896 1093; x_wconf 88' lang='lat' dir='ltr'><strong>manus</strong></span> <span class='ocrx_word' id='word_1_94' title='bbox 920 1043 947 1096; x_wconf 85' lang='lat' dir='ltr'><strong>ct</strong></span> 
     </span>
     <span class='ocr_line' id='line_1_14' title="bbox 153 1114 947 1184; baseline -0.001 -12"><span class='ocrx_word' id='word_1_95' title='bbox 153 1117 248 1172; x_wconf 83' lang='lat' dir='ltr'><strong>ferrum</strong></span> <span class='ocrx_word' id='word_1_96' title='bbox 269 1117 415 1172; x_wconf 86' lang='lat' dir='ltr'><strong>transirent.</strong></span> <span class='ocrx_word' id='word_1_97' title='bbox 452 1114 524 1174; x_wconf 75' lang='lat' dir='ltr'><strong>Quin</strong></span> <span class='ocrx_word' id='word_1_98' title='bbox 542 1118 569 1169; x_wconf 91' lang='lat' dir='ltr'><strong>et</strong></span> <span class='ocrx_word' id='word_1_99' title='bbox 586 1114 683 1170; x_wconf 89' lang='lat' dir='ltr'><strong>tribuni</strong></span> <span class='ocrx_word' id='word_1_100' title='bbox 701 1114 865 1184; x_wconf 81' lang='lat' dir='ltr'><strong>praefectique</strong></span> <span class='ocrx_word' id='word_1_101' title='bbox 888 1133 947 1171; x_wconf 81' lang='lat' dir='ltr'><strong>curn</strong></span> 
     </span>
     <span class='ocr_line' id='line_1_15' title="bbox 110 1190 947 1261; baseline -0.006 -10"><span class='ocrx_word' id='word_1_102' title='bbox 110 1199 145 1252; x_wconf 87' lang='lat'><strong>89</strong></span> <span class='ocrx_word' id='word_1_103' title='bbox 153 1206 250 1250; x_wconf 85' lang='lat' dir='ltr'><strong>terrore</strong></span> <span class='ocrx_word' id='word_1_104' title='bbox 271 1198 298 1249; x_wconf 87' lang='lat' dir='ltr'><strong>et</strong></span> <span class='ocrx_word' id='word_1_105' title='bbox 319 1197 474 1248; x_wconf 87' lang='lat' dir='ltr'><strong>armatorum</strong></span> <span class='ocrx_word' id='word_1_106' title='bbox 494 1191 603 1246; x_wconf 88' lang='lat' dir='ltr'><strong>catervis</strong></span> <span class='ocrx_word' id='word_1_107' title='bbox 624 1190 771 1246; x_wconf 79' lang='lat' dir='ltr'><strong>volitabant.</strong></span> <span class='ocrx_word' id='word_1_108' title='bbox 816 1191 875 1261; x_wconf 86' lang='lat' dir='ltr'><strong>Ipse</strong></span> <span class='ocrx_word' id='word_1_109' title='bbox 900 1191 947 1246; x_wconf 88' lang='lat' dir='ltr'><strong>Vi-</strong></span> 
     </span>
     <span class='ocr_line' id='line_1_16' title="bbox 153 1265 945 1340; baseline -0.003 -14"><span class='ocrx_word' id='word_1_110' title='bbox 153 1272 238 1326; x_wconf 86' lang='lat' dir='ltr'><strong>tellius</strong></span> <span class='ocrx_word' id='word_1_111' title='bbox 262 1289 278 1324; x_wconf 89' lang='lat' dir='ltr'><strong>a</strong></span> <span class='ocrx_word' id='word_1_112' title='bbox 300 1273 378 1340; x_wconf 88' lang='lat' dir='ltr'><strong>ponte</strong></span> <span class='ocrx_word' id='word_1_113' title='bbox 401 1268 509 1332; x_wconf 86' lang='lat' dir='ltr'><strong>Mulvio,</strong></span> <span class='ocrx_word' id='word_1_114' title='bbox 532 1267 625 1339; x_wconf 84' lang='lat' dir='ltr'><strong>insigni</strong></span> <span class='ocrx_word' id='word_1_115' title='bbox 648 1284 721 1338; x_wconf 89' lang='lat' dir='ltr'><strong>equo,</strong></span> <span class='ocrx_word' id='word_1_116' title='bbox 743 1265 879 1338; x_wconf 87' lang='lat' dir='ltr'><strong>paludatus</strong></span> <span class='ocrx_word' id='word_1_117' title='bbox 903 1285 945 1324; x_wconf 85' lang='lat' dir='ltr'><strong>ao·</strong></span> 
     </span>
     <span class='ocr_line' id='line_1_17' title="bbox 153 1344 945 1416; baseline -0.003 -14"><span class='ocrx_word' id='word_1_118' title='bbox 153 1349 309 1416; x_wconf 87' lang='lat' dir='ltr'><strong>cinctusque,</strong></span> <span class='ocrx_word' id='word_1_119' title='bbox 332 1349 450 1400; x_wconf 86' lang='lat' dir='ltr'><strong>senatum</strong></span> <span class='ocrx_word' id='word_1_120' title='bbox 471 1349 498 1400; x_wconf 89' lang='lat' dir='ltr'><strong>et</strong></span> <span class='ocrx_word' id='word_1_121' title='bbox 518 1344 640 1415; x_wconf 90' lang='lat' dir='ltr'><strong>populum</strong></span> <span class='ocrx_word' id='word_1_122' title='bbox 661 1347 720 1399; x_wconf 88' lang='lat' dir='ltr'><strong>ante</strong></span> <span class='ocrx_word' id='word_1_123' title='bbox 740 1363 767 1400; x_wconf 88' lang='lat' dir='ltr'><strong>se</strong></span> <span class='ocrx_word' id='word_1_124' title='bbox 788 1361 874 1414; x_wconf 86' lang='lat' dir='ltr'><strong>agens,</strong></span> <span class='ocrx_word' id='word_1_125' title='bbox 893 1363 945 1415; x_wconf 90' lang='lat' dir='ltr'><strong>quo</strong></span> 
     </span>
     <span class='ocr_line' id='line_1_18' title="bbox 153 1419 946 1504; baseline -0.003 -26"><span class='ocrx_word' id='word_1_126' title='bbox 153 1423 236 1478; x_wconf 87' lang='lat' dir='ltr'><strong>minus</strong></span> <span class='ocrx_word' id='word_1_127' title='bbox 254 1428 284 1475; x_wconf 87' lang='lat' dir='ltr'><strong>nt</strong></span> <span class='ocrx_word' id='word_1_128' title='bbox 303 1426 403 1492; x_wconf 85' lang='lat' dir='ltr'><strong>captam</strong></span> <span class='ocrx_word' id='word_1_129' title='bbox 421 1421 510 1504; x_wconf 67' lang='lat' dir='ltr'><strong>urbem</strong></span> <span class='ocrx_word' id='word_1_130' title='bbox 529 1420 714 1492; x_wconf 82' lang='lat' dir='ltr'><strong>ingrederetur,</strong></span> <span class='ocrx_word' id='word_1_131' title='bbox 731 1419 868 1476; x_wconf 88' lang='lat' dir='ltr'><strong>amicormu</strong></span> <span class='ocrx_word' id='word_1_132' title='bbox 885 1438 946 1476; x_wconf 88' lang='lat' dir='ltr'><strong>eon-</strong></span> 
     </span>
     <span class='ocr_line' id='line_1_19' title="bbox 152 1497 945 1569; baseline 0 -17"><span class='ocrx_word' id='word_1_133' title='bbox 152 1499 209 1552; x_wconf 92' lang='lat' dir='ltr'><strong>silio</strong></span> <span class='ocrx_word' id='word_1_134' title='bbox 237 1497 381 1562; x_wconf 86' lang='lat' dir='ltr'><strong>deterritus,</strong></span> <span class='ocrx_word' id='word_1_135' title='bbox 407 1499 510 1566; x_wconf 87' lang='lat' dir='ltr'><strong>sumpta</strong></span> <span class='ocrx_word' id='word_1_136' title='bbox 536 1502 662 1568; x_wconf 85' lang='lat' dir='ltr'><strong>praetexta</strong></span> <span class='ocrx_word' id='word_1_137' title='bbox 684 1501 711 1552; x_wconf 88' lang='lat' dir='ltr'><strong>et</strong></span> <span class='ocrx_word' id='word_1_138' title='bbox 734 1497 875 1566; x_wconf 88' lang='lat' dir='ltr'><strong>composito</strong></span> <span class='ocrx_word' id='word_1_139' title='bbox 899 1515 945 1569; x_wconf 73' lang='lat' dir='ltr'><strong>ag·</strong></span> 
     </span>
     <span class='ocr_line' id='line_1_20' title="bbox 129 1572 943 1644; baseline 0.002 -18"><span class='ocrx_word' id='word_1_140' title='bbox 129 1575 219 1628; x_wconf 66' lang='lat' dir='ltr'><strong>imino</strong></span> <span class='ocrx_word' id='word_1_141' title='bbox 231 1573 342 1627; x_wconf 86' lang='lat' dir='ltr'><strong>incessit.</strong></span> <span class='ocrx_word' id='word_1_142' title='bbox 380 1572 499 1632; x_wconf 75' lang='lat' dir='ltr'><strong>cuatuor</strong></span> <span class='ocrx_word' id='word_1_143' title='bbox 513 1572 641 1644; x_wconf 86' lang='lat' dir='ltr'><strong>legionmn</strong></span> <span class='ocrx_word' id='word_1_144' title='bbox 656 1573 746 1644; x_wconf 75' lang='lat' dir='ltr'><strong>aquilae</strong></span> <span class='ocrx_word' id='word_1_145' title='bbox 760 1591 806 1644; x_wconf 92' lang='lat' dir='ltr'><strong>per</strong></span> <span class='ocrx_word' id='word_1_146' title='bbox 823 1573 943 1640; x_wconf 81' lang='lat' dir='ltr'><strong>frontem,</strong></span> 
     </span>
     <span class='ocr_line' id='line_1_21' title="bbox 151 1649 944 1720; baseline 0.003 -14"><span class='ocrx_word' id='word_1_147' title='bbox 151 1651 309 1720; x_wconf 88' lang='lat' dir='ltr'><strong>totidemque</strong></span> <span class='ocrx_word' id='word_1_148' title='bbox 327 1651 394 1704; x_wconf 88' lang='lat' dir='ltr'><strong>circa</strong></span> <span class='ocrx_word' id='word_1_149' title='bbox 411 1667 426 1704; x_wconf 93' lang='lat' dir='ltr'><strong>e</strong></span> <span class='ocrx_word' id='word_1_150' title='bbox 443 1649 585 1720; x_wconf 86' lang='lat' dir='ltr'><strong>legionibus</strong></span> <span class='ocrx_word' id='word_1_151' title='bbox 606 1651 662 1706; x_wconf 89' lang='lat' dir='ltr'><strong>aliis</strong></span> <span class='ocrx_word' id='word_1_152' title='bbox 682 1650 781 1716; x_wconf 77' lang='lat' dir='ltr'><strong>vexilla</strong></span> <span class='ocrx_word' id='word_1_153' title='bbox 802 1668 862 1706; x_wconf 80' lang='lat' dir='ltr'><strong>mox</strong></span> <span class='ocrx_word' id='word_1_154' title='bbox 881 1650 944 1708; x_wconf 90' lang='lat' dir='ltr'><strong>duo-</strong></span> 
     </span>
     <span class='ocr_line' id='line_1_22' title="bbox 152 1725 942 1797; baseline 0 -15"><span class='ocrx_word' id='word_1_155' title='bbox 152 1727 233 1782; x_wconf 85' lang='lat' dir='ltr'><strong>decim</strong></span> <span class='ocrx_word' id='word_1_156' title='bbox 253 1727 349 1780; x_wconf 85' lang='lat' dir='ltr'><strong>alar&#39;urn</strong></span> <span class='ocrx_word' id='word_1_157' title='bbox 370 1725 451 1796; x_wconf 85' lang='lat' dir='ltr'><strong>signa,</strong></span> <span class='ocrx_word' id='word_1_158' title='bbox 470 1729 496 1779; x_wconf 93' lang='lat' dir='ltr'><strong>et</strong></span> <span class='ocrx_word' id='word_1_159' title='bbox 515 1729 574 1796; x_wconf 90' lang='lat' dir='ltr'><strong>post</strong></span> <span class='ocrx_word' id='word_1_160' title='bbox 594 1727 709 1797; x_wconf 90' lang='lat' dir='ltr'><strong>peditum</strong></span> <span class='ocrx_word' id='word_1_161' title='bbox 729 1725 830 1782; x_wconf 87' lang='lat' dir='ltr'><strong>ordines</strong></span> <span class='ocrx_word' id='word_1_162' title='bbox 849 1745 942 1797; x_wconf 86' lang='lat' dir='ltr'><strong>eques;</strong></span> 
     </span>
     <span class='ocr_line' id='line_1_23' title="bbox 150 1801 943 1874; baseline 0 -16"><span class='ocrx_word' id='word_1_163' title='bbox 150 1804 209 1858; x_wconf 90' lang='lat' dir='ltr'><strong>dein</strong></span> <span class='ocrx_word' id='word_1_164' title='bbox 223 1807 333 1874; x_wconf 89' lang='lat' dir='ltr'><strong>quatuor</strong></span> <span class='ocrx_word' id='word_1_165' title='bbox 350 1805 376 1856; x_wconf 89' lang='lat' dir='ltr'><strong>et</strong></span> <span class='ocrx_word' id='word_1_166' title='bbox 393 1801 502 1872; x_wconf 86' lang='lat' dir='ltr'><strong>triginta</strong></span> <span class='ocrx_word' id='word_1_167' title='bbox 517 1802 642 1868; x_wconf 89' lang='lat' dir='ltr'><strong>cobortes,</strong></span> <span class='ocrx_word' id='word_1_168' title='bbox 657 1806 688 1858; x_wconf 89' lang='lat' dir='ltr'><strong>ut</strong></span> <span class='ocrx_word' id='word_1_169' title='bbox 706 1803 810 1858; x_wconf 79' lang='lat' dir='ltr'><strong>nombre</strong></span> <span class='ocrx_word' id='word_1_170' title='bbox 826 1803 943 1874; x_wconf 87' lang='lat' dir='ltr'><strong>gentium</strong></span> 
     </span>
     <span class='ocr_line' id='line_1_24' title="bbox 128 1878 943 1952; baseline -0.004 -14"><span class='ocrx_word' id='word_1_171' title='bbox 128 1889 195 1938; x_wconf 76' lang='lat' dir='ltr'><strong>taut</strong></span> <span class='ocrx_word' id='word_1_172' title='bbox 214 1880 310 1952; x_wconf 88' lang='lat' dir='ltr'><strong>speeies</strong></span> <span class='ocrx_word' id='word_1_173' title='bbox 330 1897 457 1934; x_wconf 90' lang='lat' dir='ltr'><strong>armorum</strong></span> <span class='ocrx_word' id='word_1_174' title='bbox 475 1878 567 1944; x_wconf 86' lang='lat' dir='ltr'><strong>forent,</strong></span> <span class='ocrx_word' id='word_1_175' title='bbox 588 1879 711 1935; x_wconf 75' lang='lat' dir='ltr'><strong>discreta.</strong></span> <span class='ocrx_word' id='word_1_176' title='bbox 747 1880 816 1934; x_wconf 83' lang='lat' dir='ltr'><strong>Ante</strong></span> <span class='ocrx_word' id='word_1_177' title='bbox 833 1879 943 1950; x_wconf 77' lang='lat' dir='ltr'><strong>aquilam</strong></span> 
     </span>
     <span class='ocr_line' id='line_1_25' title="bbox 148 1955 940 2029; baseline -0.001 -17"><span class='ocrx_word' id='word_1_178' title='bbox 148 1957 263 2029; x_wconf 81' lang='lat' dir='ltr'><strong>praeieoti</strong></span> <span class='ocrx_word' id='word_1_179' title='bbox 283 1960 424 2012; x_wconf 86' lang='lat' dir='ltr'><strong>castrorum</strong></span> <span class='ocrx_word' id='word_1_180' title='bbox 444 1955 591 2026; x_wconf 89' lang='lat' dir='ltr'><strong>tribunique</strong></span> <span class='ocrx_word' id='word_1_181' title='bbox 610 1959 637 2012; x_wconf 91' lang='lat' dir='ltr'><strong>et</strong></span> <span class='ocrx_word' id='word_1_182' title='bbox 660 1955 735 2026; x_wconf 91' lang='lat' dir='ltr'><strong>primi</strong></span> <span class='ocrx_word' id='word_1_183' title='bbox 755 1956 940 2022; x_wconf 88' lang='lat' dir='ltr'><strong>centurionum,</strong></span> 
     </span>
     <span class='ocr_line' id='line_1_26' title="bbox 148 2032 941 2103; baseline -0.005 -13"><span class='ocrx_word' id='word_1_184' title='bbox 148 2035 255 2090; x_wconf 84' lang='lat' dir='ltr'><strong>candida</strong></span> <span class='ocrx_word' id='word_1_185' title='bbox 272 2032 464 2100; x_wconf 77' lang='lat' dir='ltr'><strong>vestc3&#39;oaeteri</strong></span> <span class='ocrx_word' id='word_1_186' title='bbox 479 2035 557 2102; x_wconf 83' lang='lat' dir='ltr'><strong>juxta</strong></span> <span class='ocrx_word' id='word_1_187' title='bbox 573 2051 645 2086; x_wconf 90' lang='lat' dir='ltr'><strong>suam</strong></span> <span class='ocrx_word' id='word_1_188' title='bbox 664 2032 771 2103; x_wconf 87' lang='lat' dir='ltr'><strong>quisque</strong></span> <span class='ocrx_word' id='word_1_189' title='bbox 790 2033 941 2100; x_wconf 72' lang='lat' dir='ltr'><strong>centuriam,</strong></span> 
     </span>
     <span class='ocr_line' id='line_1_27' title="bbox 147 2108 942 2182; baseline -0.004 -15"><span class='ocrx_word' id='word_1_190' title='bbox 147 2113 223 2167; x_wconf 88' lang='lat' dir='ltr'><strong>armis</strong></span> <span class='ocrx_word' id='word_1_191' title='bbox 237 2112 360 2182; x_wconf 86' lang='lat' dir='ltr'><strong>donisque</strong></span> <span class='ocrx_word' id='word_1_192' title='bbox 371 2110 506 2182; x_wconf 82' lang='lat' dir='ltr'><strong>fulgentes.</strong></span> <span class='ocrx_word' id='word_1_193' title='bbox 543 2109 579 2164; x_wconf 84' lang='lat' dir='ltr'><strong>Et</strong></span> <span class='ocrx_word' id='word_1_194' title='bbox 591 2109 699 2164; x_wconf 89' lang='lat' dir='ltr'><strong>militum</strong></span> <span class='ocrx_word' id='word_1_195' title='bbox 708 2108 816 2179; x_wconf 82' lang='lat' dir='ltr'><strong>phalerae</strong></span> <span class='ocrx_word' id='word_1_196' title='bbox 824 2111 942 2180; x_wconf 86' lang='lat' dir='ltr'><strong>torques·</strong></span> 
     </span>
     <span class='ocr_line' id='line_1_28' title="bbox 148 2185 941 2260; baseline -0.003 -18"><span class='ocrx_word' id='word_1_197' title='bbox 148 2205 197 2258; x_wconf 89' lang='lat' dir='ltr'><strong>que</strong></span> <span class='ocrx_word' id='word_1_198' title='bbox 214 2189 388 2260; x_wconf 85' lang='lat' dir='ltr'><strong>splendebant.</strong></span> <span class='ocrx_word' id='word_1_199' title='bbox 424 2189 525 2242; x_wconf 88' lang='lat' dir='ltr'><strong>Deoora</strong></span> <span class='ocrx_word' id='word_1_200' title='bbox 541 2185 626 2250; x_wconf 83' lang='lat' dir='ltr'><strong>facies,</strong></span> <span class='ocrx_word' id='word_1_201' title='bbox 646 2189 672 2240; x_wconf 88' lang='lat' dir='ltr'><strong>et</strong></span> <span class='ocrx_word' id='word_1_202' title='bbox 687 2203 739 2240; x_wconf 91' lang='lat' dir='ltr'><strong>non</strong></span> <span class='ocrx_word' id='word_1_203' title='bbox 756 2185 862 2240; x_wconf 88' lang='lat' dir='ltr'><strong>Vitellio</strong></span> <span class='ocrx_word' id='word_1_204' title='bbox 873 2185 941 2256; x_wconf 84' lang='lat' dir='ltr'><strong>prin·</strong></span> 
     </span>
     <span class='ocr_line' id='line_1_29' title="bbox 124 2261 941 2336; baseline 0.002 -18"><span class='ocrx_word' id='word_1_205' title='bbox 124 2265 202 2333; x_wconf 76' lang='lat' dir='ltr'><strong>tcipe</strong></span> <span class='ocrx_word' id='word_1_206' title='bbox 214 2264 305 2336; x_wconf 87' lang='lat' dir='ltr'><strong>dignus</strong></span> <span class='ocrx_word' id='word_1_207' title='bbox 318 2263 451 2319; x_wconf 83' lang='lat' dir='ltr'><strong>exercitus.</strong></span> <span class='ocrx_word' id='word_1_208' title='bbox 489 2263 531 2318; x_wconf 83' lang='lat' dir='ltr'><strong>Sic</strong></span> <span class='ocrx_word' id='word_1_209' title='bbox 544 2261 697 2332; x_wconf 75' lang='lat' dir='ltr'><strong>Capitolium</strong></span> <span class='ocrx_word' id='word_1_210' title='bbox 708 2261 845 2334; x_wconf 87' lang='lat' dir='ltr'><strong>ingressus,</strong></span> <span class='ocrx_word' id='word_1_211' title='bbox 862 2266 941 2332; x_wconf 78' lang='lat' dir='ltr'><strong>atque</strong></span> 
     </span>
     <span class='ocr_line' id='line_1_30' title="bbox 146 2338 939 2409; baseline -0.001 -15"><span class='ocrx_word' id='word_1_212' title='bbox 146 2339 182 2394; x_wconf 91' lang='lat' dir='ltr'><strong>ibi</strong></span> <span class='ocrx_word' id='word_1_213' title='bbox 205 2346 312 2394; x_wconf 89' lang='lat' dir='ltr'><strong>matrem</strong></span> <span class='ocrx_word' id='word_1_214' title='bbox 336 2339 490 2408; x_wconf 83' lang='lat' dir='ltr'><strong>complexus,</strong></span> <span class='ocrx_word' id='word_1_215' title='bbox 514 2341 639 2409; x_wconf 78' lang='lat' dir='ltr'><strong>Augusta</strong></span> <span class='ocrx_word' id='word_1_216' title='bbox 667 2338 769 2392; x_wconf 89' lang='lat' dir='ltr'><strong>nornine</strong></span> <span class='ocrx_word' id='word_1_217' title='bbox 795 2338 939 2393; x_wconf 88' lang='lat' dir='ltr'><strong>bonoravit.</strong></span> 
     </span>
    </p>
   </div>
   <div class='ocr_carea' id='block_1_5' title="bbox 101 2414 1039 2484">
    <p class='ocr_par' dir='ltr' id='par_1_5' title="bbox 101 2414 1039 2484">
     <span class='ocr_line' id='line_1_31' title="bbox 101 2414 1039 2484; baseline -0.003 -13"><span class='ocrx_word' id='word_1_218' title='bbox 101 2421 138 2473; x_wconf 86' lang='lat'><strong>90</strong></span> <span class='ocrx_word' id='word_1_219' title='bbox 146 2415 253 2468; x_wconf 86' lang='lat' dir='ltr'><strong>Postera</strong></span> <span class='ocrx_word' id='word_1_220' title='bbox 270 2414 318 2478; x_wconf 89' lang='lat' dir='ltr'><strong>die,</strong></span> <span class='ocrx_word' id='word_1_221' title='bbox 336 2419 457 2484; x_wconf 90' lang='lat' dir='ltr'><strong>tanquam</strong></span> <span class='ocrx_word' id='word_1_222' title='bbox 475 2414 542 2484; x_wconf 85' lang='lat' dir='ltr'><strong>apud</strong></span> <span class='ocrx_word' id='word_1_223' title='bbox 560 2414 663 2468; x_wconf 86' lang='lat' dir='ltr'><strong>alterius</strong></span> <span class='ocrx_word' id='word_1_224' title='bbox 686 2414 797 2470; x_wconf 88' lang='lat' dir='ltr'><strong>civitatis</strong></span> <span class='ocrx_word' id='word_1_225' title='bbox 821 2419 940 2469; x_wconf 88' lang='lat' dir='ltr'><strong>senatum</strong></span> <span class='ocrx_word' id='word_1_226' title='bbox 1038 2435 1039 2456; x_wconf 60' lang='lat' dir='ltr'><strong>u</strong></span> 
     </span>
    </p>
   </div>
   <div class='ocr_carea' id='block_1_6' title="bbox 143 2490 940 2788">
    <p class='ocr_par' dir='ltr' id='par_1_6' title="bbox 143 2490 940 2788">
     <span class='ocr_line' id='line_1_32' title="bbox 145 2490 939 2562; baseline 0.003 -18"><span class='ocrx_word' id='word_1_227' title='bbox 145 2490 323 2561; x_wconf 85' lang='lat' dir='ltr'><strong>populumque,</strong></span> <span class='ocrx_word' id='word_1_228' title='bbox 356 2490 512 2559; x_wconf 88' lang='lat' dir='ltr'><strong>magnificam</strong></span> <span class='ocrx_word' id='word_1_229' title='bbox 544 2491 684 2546; x_wconf 85' lang='lat' dir='ltr'><strong>orationem</strong></span> <span class='ocrx_word' id='word_1_230' title='bbox 709 2491 741 2546; x_wconf 91' lang='lat' dir='ltr'><strong>de</strong></span> <span class='ocrx_word' id='word_1_231' title='bbox 773 2503 854 2546; x_wconf 88' lang='lat' dir='ltr'><strong>semet</strong></span> <span class='ocrx_word' id='word_1_232' title='bbox 880 2491 939 2562; x_wconf 89' lang='lat' dir='ltr'><strong>ipso</strong></span> 
     </span>
     <span class='ocr_line' id='line_1_33' title="bbox 144 2563 939 2637; baseline 0.005 -19"><span class='ocrx_word' id='word_1_233' title='bbox 144 2565 276 2636; x_wconf 85' lang='lat' dir='ltr'><strong>prompsit,</strong></span> <span class='ocrx_word' id='word_1_234' title='bbox 295 2563 446 2618; x_wconf 87' lang='lat' dir='ltr'><strong>industriam</strong></span> <span class='ocrx_word' id='word_1_235' title='bbox 463 2567 708 2637; x_wconf 83' lang='lat' dir='ltr'><strong>temperantiamque</strong></span> <span class='ocrx_word' id='word_1_236' title='bbox 724 2585 796 2621; x_wconf 89' lang='lat' dir='ltr'><strong>suam</strong></span> <span class='ocrx_word' id='word_1_237' title='bbox 819 2565 939 2622; x_wconf 84' lang='lat' dir='ltr'><strong>laudibus</strong></span> 
     </span>
     <span class='ocr_line' id='line_1_34' title="bbox 144 2639 940 2714; baseline 0.004 -19"><span class='ocrx_word' id='word_1_238' title='bbox 144 2640 271 2706; x_wconf 84' lang='lat' dir='ltr'><strong>attollens,</strong></span> <span class='ocrx_word' id='word_1_239' title='bbox 284 2639 391 2696; x_wconf 85' lang='lat' dir='ltr'><strong>consciis</strong></span> <span class='ocrx_word' id='word_1_240' title='bbox 402 2640 555 2711; x_wconf 84' lang='lat' dir='ltr'><strong>flagitiorum</strong></span> <span class='ocrx_word' id='word_1_241' title='bbox 567 2642 629 2712; x_wconf 90' lang='lat' dir='ltr'><strong>ipsis</strong></span> <span class='ocrx_word' id='word_1_242' title='bbox 642 2643 687 2713; x_wconf 89' lang='lat' dir='ltr'><strong>qui</strong></span> <span class='ocrx_word' id='word_1_243' title='bbox 698 2643 803 2698; x_wconf 87' lang='lat' dir='ltr'><strong>aderant</strong></span> <span class='ocrx_word' id='word_1_244' title='bbox 819 2643 940 2714; x_wconf 86' lang='lat' dir='ltr'><strong>omnique</strong></span> 
     </span>
     <span class='ocr_line' id='line_1_35' title="bbox 143 2716 938 2788; baseline 0.003 -16"><span class='ocrx_word' id='word_1_245' title='bbox 143 2716 228 2782; x_wconf 85' lang='lat' dir='ltr'><strong>Italia,</strong></span> <span class='ocrx_word' id='word_1_246' title='bbox 245 2734 290 2788; x_wconf 90' lang='lat' dir='ltr'><strong>per</strong></span> <span class='ocrx_word' id='word_1_247' title='bbox 306 2733 382 2788; x_wconf 89' lang='lat' dir='ltr'><strong>quam</strong></span> <span class='ocrx_word' id='word_1_248' title='bbox 398 2733 486 2770; x_wconf 89' lang='lat' dir='ltr'><strong>somno</strong></span> <span class='ocrx_word' id='word_1_249' title='bbox 500 2720 527 2771; x_wconf 89' lang='lat' dir='ltr'><strong>et</strong></span> <span class='ocrx_word' id='word_1_250' title='bbox 547 2716 610 2773; x_wconf 86' lang='lat' dir='ltr'><strong>luxu</strong></span> <span class='ocrx_word' id='word_1_251' title='bbox 633 2717 767 2788; x_wconf 88' lang='lat' dir='ltr'><strong>pudendus</strong></span> <span class='ocrx_word' id='word_1_252' title='bbox 791 2719 938 2775; x_wconf 86' lang='lat' dir='ltr'><strong>incesserat.</strong></span> 
     </span>
    </p>
   </div>
   <div class='ocr_carea' id='block_1_7' title="bbox 0 0 1052 3038">
    <p class='ocr_par' dir='ltr' id='par_1_7' title="bbox 0 0 1052 3038">
     <span class='ocr_line' id='line_1_36' title="bbox 0 0 1052 3038; baseline 0 5"><span class='ocrx_word' id='word_1_253' title='bbox 0 0 1052 3038; x_wconf 95' lang='lat' dir='ltr'><strong> </strong></span> 
     </span>
    </p>
   </div>
  </div>
 </body>
</html>
