2096 3038
174 104 220 150 168
509 100 632 150 TACITI

819 163 846 202 s.
858 163 888 203 u.
900 163 926 202 c.
939 163 987 204 aaa

150 213 218 274 used
230 211 326 284 stupris
345 214 372 267 et
384 210 515 266 adulterim
531 213 612 266 lilium
623 210 745 282 principis
762 162 870 282 agebat.
912 213 988 267 Prae·

172 289 272 345 iectura
283 288 395 360 praetorii
407 307 485 358 penes
497 289 602 343 Arrium
613 289 719 356 Varum,
732 305 831 342 summa
845 291 985 359 potentin

172 366 200 421 in
217 367 304 420 Primo
322 365 443 419 Antonio.
479 365 507 419 Is
526 364 659 436 pecuniam
679 364 858 434 familiamque
878 384 895 420 e
915 366 988 438 prin·

151 443 236 513 acipis
249 442 323 496 domo
336 441 408 511 quasi
420 441 616 496 Cremonensem
625 440 737 510 praedam
749 459 850 511 rapere.
884 441 989 497 (laeteri
1021 483 1022 488 η

173 518 298 574 modestia
309 517 350 574 vel
367 516 527 587 ignobilitate
544 517 619 572 utin
637 517 703 572 bello
720 517 830 582 obscuri,
854 518 899 572 ita
914 537 987 591 prae·

173 596 282 650 mierum
300 598 426 664 expertes.
463 593 568 662 Civitas,
581 593 675 664 pavida
695 597 722 648 et
746 593 855 648 servitio
883 599 987 665 parata,

175 671 293 742 occupari
304 670 453 725 redeuntem
469 671 605 725 Tarracina
615 670 647 726 L.
661 669 795 725 Vitellium
808 687 874 724 eum
892 673 986 726 cohor-

153 746 245 804 4tibus
263 746 442 816 exstinguique
457 746 555 817 reliqua
571 746 631 801 belli
649 745 804 816 postulabat.
842 747 986 802 Praemissi

175 822 287 877 Ariciam
299 823 415 893 equites;
435 839 526 893 agmen
543 822 673 893 legionum
685 823 754 876 intra
765 821 886 878 Bovillas
900 825 984 880 stetit

176 899 233 955 Nec
245 902 380 954 cunctatus
393 909 432 952 est
448 899 570 954 Vitellius
589 917 668 969 seque
687 905 713 953 et
731 899 852 953 cohortes
873 901 983 956 arbitrio

176 975 279 1031 victoris
292 975 448 1046 permittere,
462 977 489 1028 ct
501 975 573 1030 miles
589 974 701 1029 infelicia
718 992 788 1028 amm
805 975 881 1030 haud
898 978 983 1032 minus

155 1053 214 1109 dira
223 1069 298 1122 quam
310 1054 383 1105 metu
395 1050 494 1122 abjecit.
523 1051 630 1122 Longus
644 1051 787 1106 deditorum
799 1051 877 1114 ordo,
892 1059 982 1124 septus

178 1129 289 1197 armatis,
306 1146 352 1198 per
368 1126 458 1181 urbem
474 1127 586 1192 incessit,
605 1145 680 1182 nemo
699 1127 808 1198 supplici
826 1129 917 1195 vultu,
938 1130 982 1185 sed

178 1206 265 1260 tristes
289 1208 316 1258 et
339 1207 425 1258 truces
449 1206 476 1257 et
500 1203 634 1258 adversum
658 1203 762 1274 plausus
786 1221 816 1258 ac
845 1204 980 1262 lasciviam

157 1281 324 1337 6insultantis
346 1280 417 1352 vulgi
435 1280 584 1337 immobiles.
622 1283 720 1336 Paucos
742 1299 879 1352 erumpere
905 1303 981 1340 ausos

179 1358 335 1428 circumjecti
347 1375 478 1428 pressere;
498 1358 584 1413 caeteri
595 1358 622 1412 in
634 1357 777 1413 custodiam
793 1359 906 1425 conditi,
919 1361 982 1416 nihil

179 1435 311 1504 quisquam
321 1433 423 1488 locutus
435 1433 576 1505 indignum,
586 1438 621 1498 et,
630 1451 771 1505 quanquam
784 1434 854 1488 inter
862 1436 980 1502 adversa,

158 1511 249 1570 lsalva
259 1511 364 1565 virtutis
379 1509 453 1564 lama.
490 1511 559 1564 Dein
571 1511 668 1565 Lucius
680 1510 801 1565 Vitellius
813 1511 979 1578 interficitur,

179 1606 225 1658 par
248 1587 318 1642 vitiis
342 1587 437 1650 fratris,
460 1585 488 1640 in
511 1587 656 1657 principatu
680 1587 737 1657 ejus
755 1587 915 1658 vigilantior,
934 1608 980 1645 nec

179 1663 283 1734 perinde
312 1662 438 1734 prosperis
467 1663 550 1717 socius
575 1681 651 1733 quam
680 1662 792 1718 adversis
820 1663 977 1721 abstractus.

156 1740 274 1796 Slisdem
287 1739 378 1794 diebus
395 1739 512 1794 Lucilius
524 1739 621 1794 Bassus
638 1757 696 1794 cum
709 1738 827 1810 expedito
845 1743 936 1810 equite
948 1742 979 1796 ad

180 1816 378 1886 componendam
390 1815 554 1885 Campaniam
567 1815 687 1881 mittitur,
701 1815 861 1870 discordibus
870 1819 979 1873 munici-

180 1893 279 1963 piorum
304 1892 393 1946 animis
418 1891 498 1963 magis
522 1891 590 1946 inter
614 1897 695 1946 semet
717 1910 793 1962 quam
814 1895 978 1950 contumacia

181 1968 301 2024 adversus
319 1968 465 2040 principem.
502 1967 566 2022 Viso
584 1967 665 2022 milite
683 1969 770 2038 quies;
790 1971 816 2022 et
834 1970 976 2026 minoribus

159 2045 285 2100 accionis
297 2045 444 2116 impunitas.
483 2043 577 2114 Capuae
592 2043 659 2115 legio
671 2044 749 2099 tertia
760 2043 889 2099 hiemandi
902 2065 976 2102 causa
1021 2039 1022 2058 ¹

167 2121 287 2190 locatur,
300 2126 326 2176 et
339 2123 428 2176 domus
440 2120 553 2175 illustres
567 2120 673 2186 afflictae,
687 2138 745 2175 curn
760 2124 850 2176 contra
863 2121 976 2178 Tarraci-

182 2215 272 2252 nenses
296 2199 366 2252 nulla
389 2215 438 2268 ope
460 2198 621 2268 juvarentur.
669 2197 753 2251 Tanto
776 2197 914 2268 proclivius
937 2203 975 2254 cst

181 2274 279 2343 injuria·
303 2293 378 2344 quam
402 2274 524 2330 beneficio
549 2273 628 2328 vicem
648 2275 785 2340 exsolvere,
811 2275 872 2344 quia
893 2277 974 2346 gratia

160 2349 259 2411 aoneri,
282 2349 346 2401 ultio
367 2350 394 2403 in
415 2354 515 2419 qnaestu
540 2349 656 2403 habetur.
694 2350 790 2404 Solatia
814 2350 865 2404 fuit
887 2369 973 2407 servus

182 2423 300 2491 Verginii
317 2423 458 2490 Capitonis,
478 2443 553 2492 quem
577 2425 733 2492 proditorem
758 2427 972 2482 Tarracinensium
1020 2427 1022 2510 l

183 2497 300 2557 diximus,
310 2496 424 2562 patibulo
437 2497 525 2550 affixus
534 2499 562 2550 in
570 2499 659 2552 iisdem
669 2501 768 2555 manalis
777 2519 848 2571 quos,
859 2507 972 2572 acceptos

162 2579 200 2622 aa
217 2567 329 2629 Vitellio,
343 2567 467 2634 gestabat.
503 2571 540 2620 At
552 2571 641 2626 Romae
658 2581 762 2629 senatus
778 2580 870 2630 cuncta
885 2579 973 2646 princi·

184 2642 260 2711 pibus
278 2640 353 2694 solita
366 2639 526 2712 vespasiano,
538 2642 661 2724 decernit,
677 2649 753 2705 latus
769 2655 796 2706 ct
812 2651 866 2732 spei
883 2659 972 2732 carun,
1021 2667 1022 2708 l
