2070 3204
261 379 294 439 0.
318 377 580 439 CORNELII
621 375 808 437 'IAOITI

295 550 343 604 AB
360 547 516 604 Excusso
533 547 615 602 DIVI
632 547 787 602 AUGUSTI

146 699 939 800 nrsrourlnum

372 884 486 940 LIBER
504 878 705 940 SECUNDUS.

124 1187 138 1241 1
182 1173 326 1229 Srnunssr
345 1172 398 1244 jam
418 1171 523 1228 fortuna
545 1173 573 1228 in
596 1173 697 1229 divorsa
719 1176 793 1245 parte
816 1175 943 1228 terrarum
1027 1209 1028 1230 r

147 1251 221 1305 initia
238 1267 379 1320 causasque
396 1248 509 1320 imperio,
529 1249 598 1321 quod
615 1251 685 1305 varia
702 1254 772 1306 sorte
795 1249 882 1304 laetum
905 1249 944 1304 rei
1027 1251 1028 1324 ζ

149 1326 256 1396 publieae
281 1329 325 1379 aut
350 1328 430 1390 atron
460 1326 522 1397 ipsis
545 1325 702 1398 principibus
725 1344 874 1398 prosperum
897 1329 945 1379 aut
1027 1335 1028 1340 ’

127 1405 228 1464 sexitio
240 1404 299 1458 luit.
335 1403 409 1458 litus
418 1404 614 1476 Vespasianuse
625 1406 643 1460 J
643 1405 722 1471 udaen,
733 1405 853 1461 incolumi
862 1403 945 1460 adhue

151 1480 238 1544 Galba,
252 1480 345 1534 missus
357 1484 456 1550 epatre
468 1499 570 1536 oausam
582 1482 746 1553 profectionis
762 1481 871 1538 officium
883 1499 946 1551 erga

150 1557 289 1628 prinoipem
314 1559 341 1610 et
364 1563 489 1612 maturam
513 1559 630 1629 petendis
655 1559 793 1614 honoribus
812 1559 947 1630 juventam

129 1632 256 1697 afferebat.
294 1631 344 1686 Sed
353 1631 446 1703 vulgus
463 1633 576 1704 fingendi
592 1635 693 1692 avidum
712 1634 865 1705 disperserat
882 1634 947 1688 aoei-

151 1714 208 1764 tum
226 1709 254 1763 in
277 1707 446 1778 adoptionem.
483 1709 595 1765 Materia
618 1711 776 1766 sermonibus
801 1711 900 1766 senium
918 1714 948 1765 et

151 1785 247 1842 orbitas
259 1784 380 1856 principis
393 1789 419 1839 at
431 1785 627 1856 intemperantia
644 1788 762 1852 civitatis,
781 1789 862 1842 donee
877 1804 947 1841 unus

128 1863 268 1934 aeligatur,
279 1859 373 1916 miultis
382 1860 532 1917 destinandi.
569 1863 690 1935 Augebat
702 1864 794 1918 lamam
804 1863 884 1935 ipsius
894 1861 949 1917 riti

151 1938 282 2011 ingenium
294 1942 496 2010 quautaeounque
508 1938 618 1994 fortune
634 1958 721 2010 capax,
735 1939 811 1996 deoor
823 1939 874 1995 oris
886 1956 948 1994 oum

152 2016 260 2089 quadam
283 2015 425 2087 majestate,
444 2033 572 2087 prosporae
596 2016 748 2086 Vespasiani
765 2035 814 2082 res,
833 2033 951 2088 presaga

151 2112 281 2166 responsa,
294 2097 329 2158 et,
342 2092 470 2148 inohnatis
487 2092 519 2146 ad
535 2091 688 2148 credendum
706 2093 805 2158 animis,
819 2092 874 2148 loeo
885 2091 951 2146 omi-

129 2185 212 2230 ouum
224 2171 302 2226 etiam
313 2169 427 2224 fortuita
464 2169 521 2224 Ubi.
530 2168 648 2224 Corinthi
664 2169 767 2225 Achaim
785 2169 849 2224 urbe
863 2171 951 2224 certos

152 2247 256 2303 nuutios
269 2246 366 2316 aceepit
378 2245 410 2300 de
422 2245 530 2300 interitu
548 2244 642 2311 Galbre,
655 2248 682 2300 et
699 2245 804 2300 aderaut
817 2245 862 2316 qui
877 2262 953 2300 arma

153 2322 252 2377 Vitellii
275 2321 420 2392 bellumque
443 2319 603 2386 affirmarent,
629 2321 720 2377 anxius
744 2322 835 2388 animo,
860 2320 953 2392 paucis

133 2399 292 2456 uamieorum
316 2396 444 2461 adhibitis,
469 2401 562 2452 ormota
584 2398 705 2469 utrinque
727 2399 875 2470 perlustrat.
922 2396 955 2454 Si

154 2476 273 2544 pergeret
290 2471 318 2526 in
335 2471 432 2537 urbam,
450 2471 545 2527 nullam
563 2473 638 2529 officii
661 2475 770 2546 gratiam
793 2475 821 2530 in
844 2473 954 2530 alterius

154 2550 277 2604 honorem
289 2548 422 2618 suseepti;
439 2566 468 2603 ao
486 2566 514 2604 ss
531 2549 637 2606 Vitelho
652 2551 706 2606 siva
724 2551 821 2608 Othoni
836 2549 956 2608 obsidem

135 2626 218 2681 tfore.
255 2624 302 2679 Sin
313 2623 415 2690 rediret,
428 2624 550 2679 offensam
565 2625 635 2681 haud
652 2626 754 2682 dubiam
769 2627 882 2693 victoris,
896 2625 956 2691 sed,

157 2701 255 2758 ineerta
272 2699 355 2756 adhue
371 2700 479 2757 uonna
495 2705 522 2756 et
540 2701 694 2758 ooneedents
714 2703 742 2759 in
762 2707 849 2775 partes
862 2705 956 2776 patre,
