2086 3026
155 113 203 161 ula
493 113 614 162 raom

793 173 828 222 [a
839 173 866 212 o.
876 173 898 212 c.
907 173 955 215 aaa

132 231 148 277 a
189 221 301 288 Jndaeos,
328 219 407 276 Creta
431 221 515 278 insula
540 223 672 295 profugos,
699 222 838 277 norissima
863 222 956 294 Libyas

153 298 277 354 insedisse
293 301 442 366 memorant,
457 317 507 370 qua
522 302 676 370 tempestate
695 299 821 353 Saturnus
836 298 863 354 vi
880 299 956 354 Jovis

153 375 242 446 pulsus
255 375 359 432 cesserit
371 375 465 446 regnis.
500 377 688 447 Argumentum
702 375 827 430 enomine
838 375 954 446 petitur:

152 451 269 507 inclitum
285 451 313 506 in
329 451 407 506 Creta
423 451 497 506 Idam
512 457 626 508 montem
634 475 642 518 ;
661 449 759 506 accolas
777 451 860 506 Idmon
877 454 955 507 aucto
1033 469 1034 474 ’

131 528 180 583 sin
204 527 340 583 barbarum
364 532 533 600 cognomento
558 528 663 584 Judaeos
688 527 803 583 vocitari
840 527 955 587 Quidam

152 607 276 674 regnante
285 603 355 658 Iside
364 603 534 660 exundantem
544 623 590 675 per
598 606 742 676 AEgyptum
751 603 952 672 multitudinem,

152 679 259 734 ducibus
272 679 452 750 Hierosolymo
464 684 494 738 aa
505 681 522 735 J
523 681 580 746 ude,
592 681 720 751 proximas
729 680 757 734 in
764 683 848 736 terras
859 698 955 736 exone-

151 759 248 820 ratam;
267 755 381 827 plerique
393 757 544 828 AEthiopum
556 757 661 828 prolem,
675 774 747 827 quos,
760 773 822 828 rege
839 755 952 826 Cepheo,

128 834 235 886 ametus
247 836 325 902 atque
337 832 424 888 odium
435 836 535 889 mutare
551 833 624 888 aedes
640 831 795 904 perpulerit„
826 833 894 886 Sunt
906 833 954 903 qui

150 907 253 964 tradant
269 909 388 980 Assyrios
404 925 537 974 convenas,
552 909 668 980 indigum
684 926 804 979 agrorum
818 908 952 978 populum,

149 991 225 1056 parte
237 985 345 1057 AEgypti
357 985 461 1056 potitos,
474 1004 535 1042 mox
546 985 662 1056 proprias
679 983 756 1039 urbes
774 983 952 1055 Hebraeasque

149 1064 232 1116 terras
245 1065 271 1116 et
283 1061 401 1132 propiora
413 1061 491 1132 Syriae
506 1061 622 1117 coluisse.
658 1059 734 1114 Clara
746 1059 789 1114 alii
800 1059 817 1112 J
818 1059 952 1116 udaeorum

77 1185 81 1192 .
150 1137 231 1207 initia,
245 1139 368 1210 Solymos,
381 1137 534 1193 carminibus
549 1137 658 1192 Homeri
672 1135 824 1192 celebratam
836 1139 949 1206 gentem,

125 1213 145 1272 3
150 1217 259 1272 condita
270 1215 329 1270 urbi
340 1214 519 1286 Hierosolyma
526 1232 619 1270 nomen
628 1232 643 1268 e
652 1230 698 1267 suo
711 1212 809 1267 fecisse.
840 1212 951 1267 Plurimi

149 1296 267 1348 auctores
291 1291 462 1357 consentiunt,
488 1295 545 1346 orta
568 1307 614 1361 per
638 1290 781 1360 AEgyptum
805 1287 865 1343 tabe
891 1307 950 1359 que

149 1385 256 1440 corpora
275 1367 389 1434 foedaret,
411 1386 499 1439 regem
518 1366 678 1430 Bocchorim,
701 1365 771 1420 adito
794 1365 948 1420 Hammonis

147 1444 258 1508 oracrulo,
280 1444 420 1499 remedium
443 1447 581 1515 petentem,
607 1460 716 1514 purgare
739 1459 847 1512 regnum
870 1443 898 1495 et
920 1441 949 1496 id

146 1537 230 1590 ,genus
242 1519 382 1586 hominum,
394 1525 425 1573 ut
438 1520 547 1574 inrisum
560 1519 617 1584 diis,
631 1519 692 1573 elias
704 1518 732 1572 iu
743 1521 826 1572 terras
839 1517 948 1573 avehere

126 1593 256 1666 ²jussum.
293 1594 336 1648 Sic
356 1595 528 1665 conquisitum
548 1596 733 1665 collectumque
752 1593 854 1665 vulgus,
875 1596 948 1664 poet·

148 1688 224 1741 quam
246 1669 323 1723 vastis
344 1669 406 1724 locis
430 1669 548 1724 relictum
572 1671 615 1735 eit,
639 1669 737 1726 ceteris
761 1687 807 1739 per
830 1669 947 1724 lacrimas

147 1745 317 1816 torpentibus,
346 1747 463 1817 Moysen,
490 1765 571 1802 unum
597 1747 723 1812 exsulum,
750 1745 886 1810 monuisse,
914 1763 947 1800 ne
1033 1769 1034 1774 ¹

146 1841 224 1894 quam
242 1821 348 1877 deorum
363 1821 526 1878 hominumve
543 1841 617 1894 opem
635 1825 813 1894 exspectarent
829 1821 947 1892 utrisque

147 1899 250 1968 deserti,
274 1899 320 1954 sed
344 1899 454 1966 sibimet,
481 1899 545 1956 duoe
570 1901 673 1966 caelesti,
699 1898 839 1966 crederent,
864 1899 948 1968 primo

126 1975 221 2049 toujm
240 1977 334 2034 anxilio
352 1980 490 2048 presentes
508 1976 622 2032 miserim
641 1976 806 2047 pepulissent.
851 1976 948 2030 Assen-

147 2071 203 2110 aere
215 2059 292 2127 atque
301 2054 415 2110 omnium
427 2053 508 2125 ignari
520 2053 655 2110 fortuitum
666 2053 716 2108 iter
724 2051 858 2124 incipiunt.
896 2051 948 2106 Sed

146 2131 211 2187 nihil
222 2151 293 2204 aequo
305 2149 382 2202 quam
397 2131 483 2200 inopia
494 2148 566 2200 aquae
581 2129 715 2199 fatigabat.
752 2128 861 2200 Jamque
876 2127 947 2182 haud

147 2208 238 2276 procul
264 2208 342 2263 exitio
368 2207 432 2262 totis
456 2206 552 2276 campis
576 2205 773 2276 procubuerant,
799 2221 858 2260 eum
882 2221 947 2275 grex

9 2303 10 2308 ¹
147 2283 276 2336 asinorum
293 2282 433 2352 agrestium
449 2300 464 2336 e
478 2286 556 2352 pastu
571 2282 599 2336 in
614 2300 705 2354 rupem
721 2297 825 2335 nemore
840 2297 946 2350 opacam

9 2361 10 2364 ’
123 2357 279 2409 aoonoersit.
308 2357 795 2428 SecutueMoysercoujecturaherbidi
804 2356 852 2410 soli
861 2355 946 2427 largas

145 2443 268 2494 aquarum
280 2445 356 2480 venas
369 2432 457 2496 aperit.
494 2432 525 2486 Id
542 2433 671 2497 levamen;
690 2435 717 2486 et
733 2432 882 2486 continuum
899 2449 946 2487 sex

145 2500 243 2554 nerum
255 2501 305 2554 iter
317 2504 419 2567 emensi,
430 2508 547 2575 septimo,
559 2507 640 2578 pulsis
650 2509 799 2576 cultoribus,
808 2508 945 2564 obtinuere

120 2570 226 2657 {terras
238 2571 265 2624 in
277 2573 333 2641 quis
345 2573 407 2628 urbs
419 2581 446 2630 et
457 2581 580 2649 templum
590 2583 681 2638 dicata.
717 2583 823 2654 Moyses
833 2601 883 2654 quo
893 2583 944 2639 sibi

143 2661 172 2698 ru
181 2649 313 2714 posterum
325 2649 428 2712 gentem
439 2650 558 2720 firmaret,
571 2673 650 2712 novos
668 2658 734 2713 ritus
746 2659 942 2730 contrariosque
