2096 3038
101 208 161 248 m
172 208 214 258 ⁶9⁸]
274 147 527 198 fllsnoulanttm
546 147 598 197 111.
617 151 718 200 49-53.
845 149 898 198 m

101 275 150 328 que
162 257 352 314 irreverentiam
364 259 452 324 faisse,
465 262 495 316 ut
507 259 638 330 gregariam
651 277 736 330 equos,
749 258 863 315 eooisara
875 275 892 316 a

97 351 126 388 se
138 334 253 404 proxime
264 335 318 390 aeie
329 335 434 392 fratrem
445 335 584 406 professus,
598 336 730 406 premium
746 353 763 390 a
780 334 889 392 dntibus

100 411 212 480 petierit.
249 411 306 466 Nee
317 411 367 466 iliis
379 415 424 468 aut
438 413 562 470 bonorare
580 430 634 467 eam
647 411 742 467 eadem
754 411 798 481 jus
809 411 912 466 homi-¹

100 505 162 542 aum
182 490 227 544 aut
247 487 337 544 uleisei
354 488 421 543 ratio
441 487 501 544 belli
519 487 690 560 permittebat.
727 487 890 544 Diei-alerent

98 567 222 636 tanquam
233 565 328 635 majora
340 565 457 620 meritum
471 583 547 636 quam
560 583 617 636 quae
629 565 717 620 statim
729 564 889 619 exsolverem

98 643 161 708 tur;
178 640 378 712 necquidquam
396 641 466 698 ultra
484 641 604 697 traditur.
641 641 770 697 Caeterum
790 644 818 696 et
836 640 912 712 pri-8

98 717 186 772 oribus
199 717 293 773 ‘civium
305 717 377 774 bellis
389 736 436 789 par
452 719 534 774 scelus
549 718 681 774 inciderat.
717 717 786 772 Nam
802 717 890 789 prelio

99 812 149 864 quo
165 793 233 865 apud
249 796 269 850 J
270 795 397 850 anioulum
417 793 537 850 adversus
557 795 664 850 Cinnam
684 798 826 865 pugnatum
840 797 888 860 est,
905 833 907 840 .

98 871 270 942 Pompeianus
282 871 355 926 miles
367 871 472 927 fratrem
484 889 567 936 suum,
580 870 647 936 dein,
659 871 763 942 eegnito
771 871 890 938 bunone

99 966 128 1002 se
140 948 225 1018 ipsum
236 947 373 1016 interfecit,
385 951 415 1002 ut
429 947 536 1002 Sisenna
546 950 677 1002 memorat.
714 947 797 1002 Tanto
809 947 912 1002 aeriort

99 1024 168 1094 apud
179 1028 297 1093 majores,
310 1024 377 1078 sieut
388 1023 528 1078 virtutibus
544 1023 631 1094 glorie,
642 1024 681 1078 ita
694 1023 798 1094 flagitiis
812 1024 890 1094 pesni-
905 1053 908 1059 ·

99 1099 183 1156 tentia
194 1099 252 1154 init.
290 1098 341 1153 Sed
351 1099 407 1154 hee
419 1099 517 1169 aliaque
528 1117 561 1154 ex
572 1103 658 1154 vetere
670 1099 791 1152 memoria
802 1099 890 1169 petita

100 1175 202 1246 quoties
226 1192 267 1230 res
290 1174 412 1246 locusque
435 1175 550 1246 exempla
572 1175 637 1230 raeti
660 1179 705 1230 aut
724 1174 814 1229 solatia
831 1174 891 1229 maii

37 1299 39 1302 .
98 1254 197 1323 poscet,
221 1249 291 1306 baud
314 1251 422 1306 absurde
445 1251 648 1307 memorabimus.
684 1251 797 1306 Antonio
821 1250 935 1308 daei-52

98 1329 198 1399 busque
210 1327 321 1398 partium
334 1329 457 1399 praemitti
470 1329 569 1399 equites
588 1345 742 1398 omnemque
758 1327 891 1382 Umbriam

98 1403 227 1476 explorari
256 1404 361 1474 placuit,
385 1405 408 1460 si
431 1423 482 1476 que
504 1405 633 1476 Apennini
653 1407 719 1476 juga
742 1403 890 1460 elementiae

98 1482 245 1547 aduentum
270 1481 347 1536 aeoiri
364 1481 460 1552 aquilas
479 1482 602 1554 signaque
620 1484 647 1536 et
667 1480 791 1552 quidquid
809 1482 892 1536 Vero·

98 1575 139 1614 na
163 1557 275 1612 miiitum
295 1557 369 1624 foret,
394 1557 542 1630 Padumque
566 1561 601 1614 et
616 1576 685 1613 mare
709 1557 891 1613 eommeatibus

99 1633 228 1705 eompleri.
272 1634 355 1690 Erant
381 1635 450 1690 inter
473 1635 550 1691 duoes
574 1635 619 1706 qui
635 1637 891 1690 uerterent'moras:

100 1712 194 1782 quippe
212 1709 306 1766 nimius
324 1711 377 1781 jam
395 1712 532 1778 Antonius,
544 1714 572 1766 et
595 1711 704 1766 emtione
726 1729 759 1766 ex
770 1709 891 1766 Muciano

100 1787 276 1857 sperabantur.
312 1787 431 1858 Namque
454 1788 599 1852 Mucianus,
615 1791 669 1842 tam
693 1787 769 1842 oeleri
785 1786 914 1842 vicariae

100 1863 219 1926 anxiua‘
235 1867 269 1926 et,
294 1863 322 1918 ui
354 1881 466 1933 praeseus
497 1864 561 1919 urbe
594 1863 729 1932 potiretur,
762 1871 893 1932 expertem

102 1955 129 1992 se
146 1937 208 1992 belli
223 1937 360 2007 gloriaque
375 1945 455 2004 ratus,
474 1938 507 1994 ad
523 1939 638 1994 Primum
654 1943 681 1993 at
696 1939 795 1994 Varum
810 1937 893 1992 media

101 2013 271 2082 scriptitabat,
296 2013 443 2070 instandum
468 2015 559 2086 ooeptis
584 2017 629 2068 aut
647 2032 737 2070 rursus
756 2012 893 2068 annotandi

102 2087 229 2143 utilitates
241 2088 390 2155 edisserens,
403 2093 482 2160 atque
493 2091 531 2146 ita
542 2089 698 2160 compositus
709 2093 740 2144 ut
752 2107 786 2144 ex
798 2092 892 2144 eventu

101 2182 187 2220 rerum
199 2163 306 2220 adverse
317 2165 440 2220 abnueret
451 2166 491 2222 vel
503 2183 625 2236 prospera
640 2167 798 2236 agnoseeret.
834 2163 916 2220 Ploa

101 2241 167 2296 tium
192 2240 324 2312 Griphum,
349 2259 430 2312 nuper
460 2259 476 2296 a
498 2241 655 2314 Vespasiano
684 2241 712 2298 in
739 2241 894 2298 senatorium

101 2317 216 2374 ordinem
240 2317 355 2374 additum
375 2337 405 2374 ae
425 2318 521 2390 legioni
541 2317 714 2390 prepositum,
736 2321 895 2389 ueteresque

101 2393 151 2450 eibi
169 2393 233 2450 fidos
252 2394 365 2465 apertius
382 2395 490 2450 monuit.
527 2395 617 2465 Hique
634 2412 721 2452 omnes
739 2393 771 2450 de
787 2394 917 2454 festinat

102 2471 172 2530 tione
190 2471 271 2526 Primi
288 2489 318 2526 ae
336 2472 400 2527 Vari
417 2472 520 2528 sinistre
538 2476 565 2528 et
582 2471 704 2528 Muciano
724 2472 836 2528 volentia
854 2489 895 2528 re-

102 2547 234 2618 aeripsere.
267 2548 369 2608 Quibus
381 2549 496 2620 epistolis
503 2549 661 2620 Vespasiano
670 2549 755 2606 missis
767 2549 894 2614 edeoerat,

101 2626 133 2678 ut
155 2641 208 2678 non
225 2643 272 2695 pro
293 2643 338 2696 spe
356 2625 463 2682 Antonii
482 2626 587 2681 oonsilio
606 2625 724 2698 fretaque
743 2629 799 2696 ejus
823 2625 891 2682 asti·

102 2703 242 2758 merentur.
277 2701 359 2774 AEgre
370 2701 397 2760 id
411 2701 466 2774 pati
479 2702 618 2769 Antonius,
634 2705 661 2758 et
676 2701 778 2773 eulpam
792 2701 821 2758 ia
834 2699 939 2764 Mra-6³
