2096 3038
72 196 92 234 A
111 195 132 236 D
150 195 176 236 ⁶9
264 135 515 186 HISTORIARUM
534 136 586 184 111.
605 139 675 184 2-c.
822 139 867 186 loa

72 195 239 300 descendisse
249 244 277 298 iu
288 263 389 302 causam
398 247 538 313 ridebatur,
547 265 628 318 eoque
639 245 737 318 gratior
744 246 867 302 militibus

70 325 139 386 erat,
154 320 235 391 eulpae
246 320 287 374 vel
299 321 386 392 gloriae
401 325 492 380 socius.
528 325 649 378 Proxima
664 321 775 378 Ocrndii
790 321 892 383 I⁴brsci4

14 403 16 458 l
70 397 248 468 procuratoris
272 400 418 455 auctoritas.
464 401 493 456 Is
518 419 626 470 quoque,
651 400 815 456 inclementer
838 401 866 454 in

14 459 17 536 l
70 473 209 528 Vitellium
227 473 312 530 invehi
332 476 431 542 solitus,
451 477 514 532 nihil
534 477 589 548 spei
609 475 657 532 sibi
676 477 743 532 inter
761 476 866 532 adversa

70 549 219 620 reliquerat.
256 550 285 606 Τ.
306 553 414 623 Ampius
438 553 583 618 Flavianus,
604 557 697 608 natura
716 571 745 609 ac
765 559 887 616 senecta2

69 627 225 692 cunctatior,
236 628 393 697 suspiciones
401 630 511 684 militum
522 629 647 694 irritabat,
657 634 777 702 tanquam
787 631 866 686 offini-

70 702 135 756 tatis
149 720 206 758 eum
215 703 321 759 Vitellio
330 707 501 773 meminisset;
520 707 637 778 idemque
649 707 725 778 quod,
738 711 865 778 coeptante

69 777 202 849 legionum
218 784 297 849 motu,
309 782 439 854 profugus,
452 783 510 838 dein
525 787 615 855 sponte
631 789 794 850 remeaverat,
807 803 864 855 per-

70 854 138 910 fidiae
162 855 246 910 locum
270 859 390 927 quaesisse
413 859 570 915 credebatur.
615 859 684 914 Nam
708 859 885 928 Flavianum,3

14 891 16 1014 l
70 931 168 986 omissa
198 933 335 1001 Pannonia,
363 935 506 1006 ingressum
534 935 643 1000 Italiam,
672 939 699 990 et
725 935 863 992 discrimini

70 1011 228 1078 exemptum,
245 1029 330 1064 rerum
346 1030 468 1068 novarum
487 1011 578 1087 cupido
594 1011 673 1082 legati
689 1031 781 1068 nomen
792 1032 863 1068 resu-

70 1101 139 1139 mere
163 1090 190 1140 et
214 1086 313 1142 misceri
337 1089 452 1144 civilibus
476 1089 551 1143 armis
572 1087 714 1158 impulerat,
740 1089 862 1146 suadente

71 1161 190 1218 Cornelio
213 1163 304 1232 Fusco,
325 1183 377 1222 nou
400 1165 460 1236 quia
479 1164 605 1220 industria
628 1164 741 1220 Flaviani
761 1166 860 1237 egebat,

14 1297 15 1300 ,
71 1237 115 1294 sed
127 1242 158 1293 ut
170 1240 302 1295 consulare
313 1259 406 1298 nornen
418 1241 582 1312 surgentibus
594 1258 652 1296 cum
664 1242 771 1296 maxime
783 1243 861 1316 parti·

14 1303 15 1370 l
70 1313 119 1370 bus
131 1315 240 1372 honesta
251 1319 335 1388 specie
347 1318 555 1389 praetenderetur.
593 1317 720 1372 ueterum
736 1322 766 1373 ut
778 1323 885 1382 trans-5

14 1439 16 1446 ,
68 1391 172 1448 mittere
198 1393 226 1450 in
248 1394 351 1450 Italiam
380 1396 483 1466 impune
507 1399 533 1449 et
557 1395 615 1450 usui
638 1395 712 1460 toret,
737 1395 860 1467 scriptum

14 1529 15 1532 ,
67 1469 171 1542 Aponio
183 1471 327 1536 Saturnino,
340 1490 398 1528 curn
411 1472 526 1528 exercitu
538 1471 646 1528 Moesico
657 1473 785 1528 celeraret.
821 1475 882 1542 Aca

14 1545 16 1594 ἓ
67 1567 101 1604 ne
112 1547 222 1604 inermes
234 1548 369 1618 provinciae
380 1548 493 1606 barbaris
505 1549 651 1605 nationibus
664 1553 858 1620 exponerentur,

67 1623 195 1696 principes
217 1624 388 1680 Sarmatarum
410 1626 539 1696 Iazygum,
560 1644 638 1698 penes
665 1645 729 1698 quos
748 1627 859 1683 civitatis

66 1701 189 1774 regmen,
208 1701 236 1756 iu
256 1703 432 1758 commilitium
452 1703 550 1758 adsciti.
591 1703 695 1760 Plebem
712 1723 813 1776 quoque
831 1709 880 1764 eta

66 1781 118 1836 vim
131 1779 256 1848 equitum,
269 1797 320 1850 qua
334 1779 389 1836 sola
404 1780 497 1850 valent,
510 1780 666 1836 offerebant:
686 1781 819 1838 remissum
831 1781 858 1837 id

66 1867 169 1913 rnuuua,
191 1865 224 1903 ne
247 1849 315 1904 intcr
334 1849 472 1906 discordias
497 1857 602 1906 externa
621 1851 777 1918 molirentur,
803 1855 855 1918 aut,

66 1927 163 1998 majore
179 1942 211 1980 ex
223 1923 322 1981 diverso
337 1927 460 1994 mercede,
470 1928 513 1998 jus
530 1927 619 1998 fasque
631 1931 760 1982 exuerent.
796 1927 880 1984 urar

66 2002 164 2058 huntur
175 2001 203 2056 in
214 2006 300 2072 partes
317 2003 377 2058 Sido
394 2008 470 2076 atque
488 2003 601 2068 italicus,
615 2021 688 2076 reges
707 2004 855 2068 Sacrorum,

66 2079 123 2148 quis
134 2081 210 2134 vetus
222 2077 371 2152 obsequium
383 2099 444 2150 erga
455 2081 591 2144 Romanos,
602 2087 629 2134 ct
641 2097 703 2150 gens
715 2079 775 2136 fidei
787 2097 855 2134 com-

66 2156 147 2212 missae
155 2155 299 2226 patientior.
336 2158 459 2213 Positain
470 2157 537 2212 latus
549 2156 649 2220 auxilia,
657 2155 750 2212 infesta
762 2155 852 2222 Retia,

66 2232 107 2286 cui
118 2232 225 2288 Porcius
235 2233 390 2304 Septiminus
398 2237 547 2306 procurator
559 2237 621 2298 erat,
629 2233 782 2303 incorrupte
794 2251 855 2306 argu

66 2308 197 2364 Vitellium
206 2309 271 2364 fidei.
307 2311 394 2382 Igitur
404 2311 524 2366 Sextilius
533 2311 612 2379 Felix,
620 2329 679 2366 cum
691 2311 730 2366 ala
741 2312 877 2377 Arrianae

66 2389 92 2440 et
103 2389 162 2440 octo
174 2386 321 2444 cohortibus
334 2405 364 2444 ac
373 2387 526 2444 Noricorum
536 2389 679 2460 juventute,
689 2388 721 2444 ad
729 2407 854 2461 occupan-

66 2461 121 2516 dam
132 2463 213 2534 n'pam
224 2463 286 2520 AEui
297 2465 416 2531 fluminis,
425 2465 492 2537 quod
504 2467 592 2522 Raetos
604 2467 763 2538 Noricosque
774 2467 853 2524 inter·

14 2565 16 2598 f
66 2538 129 2607 iluit,
146 2539 249 2596 missus.
287 2541 344 2596 Nec
361 2542 402 2598 his
419 2546 464 2596 aut
483 2541 532 2598 illis
551 2541 665 2614 pralium
683 2545 874 2613 tentantibuse

65 2616 169 2670 fortuna
179 2617 291 2688 partium
302 2618 362 2674 alibi
373 2621 509 2674 transacta.

99 2693 219 2764 Antonio,
231 2695 373 2752 vexillarios
389 2714 403 2752 e
418 2695 564 2753 cohortibus
579 2697 606 2750 et
623 2703 721 2768 partem
737 2696 875 2766 equitume
