2096 3038
94 213 121 260 A·
132 217 156 258 D.
166 219 209 267 m
258 151 509 206 HISTORIARUM
527 155 578 205 111.
597 158 699 204 41-45.
837 155 880 203 181

93 267 293 339 speculatoribus
308 270 335 323 et
346 268 429 324 tribus
447 267 541 332 amieis,
558 265 666 322 totidem
680 264 880 330 centurionibus,

92 344 126 399 sd
142 361 219 398 naves
237 344 390 416 regreditur3
414 345 519 399 Maturo
536 343 684 413 caeterisque
704 359 833 396 remanere
853 345 880 396 et

92 421 120 477 in
131 420 208 476 verba
219 420 370 490 Vespasiani
381 421 451 492 adigi
461 419 604 476 volentibus
616 419 673 473 luit.
711 419 839 474 Ceterum
849 421 902 474 utu

91 515 161 552 mare
178 497 261 552 tutius
279 497 383 552 Valenti
400 515 476 568 quam
493 496 568 551 litera
584 499 630 550 aut
645 494 730 560 urbes,
748 495 786 549 ita
800 494 882 550 futuri

92 573 234 644 ambiguus,
259 576 285 627 et
308 573 389 644 magis
413 573 475 644 quid
496 573 590 628 vitaret
620 589 697 642 quam
724 571 766 626 cui
792 570 882 626 fiderat

20 689 24 696 ·
93 653 188 714 certus,
207 648 313 704 adversa
329 653 481 719 tempestate
506 647 659 712 Smchadas,
684 647 883 701 Massiliensium

91 725 195 790 insulas,
208 725 320 780 affertur.
356 725 399 780 Ibi
414 743 473 780 eum
489 725 572 780 misse
584 741 600 778 a
615 723 722 778 Paulino
737 722 883 779 Liburnicae

92 819 248 873 oppressere.

133 879 216 948 Capto
239 877 348 932 Valente
372 880 464 932 cuncta
487 877 520 932 ad
543 877 646 932 victoris
670 893 731 947 opes
755 884 928 944 conversa44

92 955 167 1009 initio
184 973 229 1024 per
246 953 399 1022 Hispaniam
416 971 432 1006 a
449 954 530 1024 prima
547 953 680 1024 Adjutrioe
698 953 797 1023 legione
815 956 880 1018 orto,

95 1049 159 1100 qua,
176 1029 297 1083 memoria
311 1029 421 1082 Othonis
438 1029 538 1083 infensa
555 1029 667 1094 Vitellio,
686 1028 809 1082 decimam
823 1047 884 1099 quo-

95 1121 145 1176 qne
162 1123 191 1158 ae
208 1108 306 1158 sextam
324 1104 410 1158 traxit.
446 1105 504 1158 Nec
519 1105 606 1158 Gallim
620 1103 813 1159 cunctabantur.
849 1105 906 1159 nea

95 1180 254 1236 Britanniam
263 1179 281 1248 †
290 1179 386 1234 inditus
396 1179 530 1249 (incitari)
545 1198 606 1251 erga
613 1179 798 1250 Vespasianum
805 1179 884 1246 lavor,

95 1256 165 1327 qnod
187 1256 239 1310 illic
263 1255 380 1310 secundae
403 1256 531 1327 legionis
554 1256 660 1311 Claudio
683 1256 834 1326 prepositus
858 1259 885 1310 et

94 1334 160 1390 bello
172 1333 255 1388 clarus
266 1336 360 1404 egerat,
373 1350 425 1387 uon
443 1334 497 1388 sine
515 1337 587 1388 motu
599 1333 716 1405 adjunxit
728 1336 883 1398 cateramm,

93 1410 232 1481 inquibus
253 1409 366 1480 plerique
386 1410 547 1466 centuriones
571 1427 601 1465 ac
624 1409 718 1465 milites
741 1428 757 1464 a
779 1409 885 1465 Vitellio

94 1487 209 1558 provecti
221 1489 354 1557 expertum
362 1489 416 1556 jam
433 1487 571 1558 principem
583 1487 652 1541 anxii
668 1486 810 1542 mutabant.
846 1487 929 1549 lla45

95 1563 227 1629 discordia,
252 1566 278 1617 et
297 1562 392 1618 crebris
413 1563 473 1618 belli
493 1563 574 1618 civilis
597 1563 748 1628 rumoribus,
767 1564 886 1619 Britanni

96 1640 222 1695 sustulere
238 1639 341 1704 animos,
359 1643 462 1694 aucmrs
479 1640 600 1706 Venutio,
620 1639 671 1711 qui,
690 1658 767 1711 super
784 1641 886 1696 insitam

94 1715 214 1772 ferociam
227 1719 255 1770 et
276 1716 385 1770 Romani
396 1716 504 1771 nominis
519 1715 613 1782 odium
626 1717 734 1788 propriis
746 1717 774 1770 in
791 1716 886 1772 (lartiu-

96 1792 231 1848 mandram
242 1792 356 1862 reginam
372 1793 484 1847 stimmis
502 1793 694 1848 accendebatur.
733 1793 908 1847 Cartiman-2

97 1869 148 1924 dua
170 1869 335 1939 Brigantibus
359 1869 528 1939 imperitabat,
552 1870 650 1940 pollens
679 1867 830 1935 nobilitate;
859 1873 886 1925 et

97 1947 204 1998 auxerat
224 1944 371 2013 potentiam,
392 1947 534 2014 postquam,
556 1948 631 2015 capto
655 1963 700 2014 per
721 1945 806 1998 dolum
826 1963 887 2016 rege

13 2083 14 2086 Ἰ
98 2019 245 2084 Osractaca
263 2019 415 2074 instruxisse
431 2020 590 2088 triumphum
607 2019 708 2074 Claudii
726 2020 833 2074 Caesaris
849 2022 887 2074 vi-

98 2094 212 2150 debatur.
261 2093 326 2150 Inde
351 2111 413 2164 opes
440 2098 467 2149 et
492 2113 577 2149 rerum
606 2095 773 2150 secundarum
801 2095 885 2150 luxus.

98 2173 190 2242 Spreto
202 2169 316 2225 Venutio
334 2169 367 2240 (is
381 2170 432 2224 luit
446 2169 575 2239 maritus)
589 2171 742 2242 armigerum
754 2171 811 2241 ejus
826 2171 909 2232 Vel-s

97 2248 208 2304 locatum
217 2247 244 2302 in
252 2245 441 2300 matrimonium
449 2263 606 2318 regnumque
616 2247 720 2316 accepit.
757 2247 888 2304 Gonoussa

99 2325 186 2379 statim
197 2323 295 2394 flagitio
312 2322 409 2377 domus.
446 2324 497 2378 Pro
509 2324 601 2378 marito
612 2323 698 2378 studia
709 2324 828 2390 civitatis,
840 2343 889 2396 pro

98 2399 213 2455 adultero
233 2399 311 2455 libido
331 2399 427 2470 regina
448 2402 474 2454 et
498 2399 603 2455 saevitia.
639 2399 726 2472 igitur
752 2401 886 2467 Venutius,

98 2478 186 2532 accitis
199 2476 306 2542 auxiliis,
320 2475 396 2531 simul
407 2476 521 2548 ipsorum
532 2477 685 2548 Brigantum
698 2477 847 2542 deiectione,
861 2480 888 2533 in

98 2557 239 2609 extremum
264 2553 399 2608 discrimen
423 2553 644 2608 Cartismanduaru
667 2555 781 2610 adduxit.
822 2556 911 2612 'lirim

98 2629 181 2700 petita
193 2629 337 2684 allemania
344 2628 467 2700 praesidia.
504 2631 540 2684 Et
549 2631 665 2686 cohortes
678 2631 774 2702 alaeque
786 2635 887 2694 nostrae,

12 2705 13 2720 ¹
99 2707 174 2762 variis
191 2707 292 2778 praeliis,
305 2725 421 2762 exemere
436 2711 522 2763 tamen
534 2707 646 2780 periculo
661 2709 783 2780 reginam.
820 2707 890 2777 Reg-
