2096 3038
182 154 227 202 lla
511 149 632 198 ‘ruem

809 211 844 258 [A.
857 209 883 248 U.
892 207 914 247 0.
924 207 970 250 8¹².

131 249 142 266 ⁸
179 261 386 333 irrumpentibus
398 263 426 316 et
437 278 559 331 maJcrem
571 259 686 331 rapiendi
696 259 833 314 licentium.
870 257 972 316 Quodsi

180 339 262 394 lucem
274 338 464 409 opperiuntur,¹
454 355 507 408 Jam
519 354 614 406 paoem,
625 337 677 406 jam
689 353 776 406 preces
789 339 815 389 et
827 352 873 405 pro
884 333 972 388 labore

180 433 211 470 ao
227 414 372 469 vulneribus
393 413 594 469 clementiam
567 416 594 467 e
612 412 751 484 gloriam
744 411 835 476 inania,
856 411 971 465 laturos:

180 489 226 546 sed
245 508 306 560 opes
327 490 534 544 Cremonensium
552 489 580 543 in
599 491 657 543 siuu
676 487 854 558 prefectorum
873 486 973 556 legato·

180 584 287 636 rumque
304 566 366 620 fore.
402 567 563 636 Expngnutae
582 564 653 619 urbis
673 563 784 634 predum
804 562 837 617 sd
857 561 972 629 militem,

154 641 272 698 sdeditsa
293 643 325 697 ad
344 643 421 697 duces
439 643 592 713 pertinere.'’
629 642 790 712 spernuntur
810 639 972 695 centuriones

180 718 334 788 tribunique,
356 736 386 772 uc
403 736 436 772 ne
454 737 504 772 vox
527 719 677 789 cujusquam
700 717 825 782 audietur,
850 715 973 786 quatiunt

136 799 257 858 20urmu,
270 794 371 865 rupturi
386 793 527 864 imperium,
538 795 567 849 ni
582 793 714 848 ducantur.
750 793 815 847 'lum
834 791 971 856 Antonius,

180 869 293 924 inserens
314 888 341 926 se
361 869 567 940 manipuliqubi
587 872 692 939 aspectu
716 872 743 924 et
764 867 916 923 auctoritate
937 867 973 921 si·

180 945 288 1000 lentium
304 945 407 1011 fecerat,
426 963 478 1000 non
496 964 523 1001 se
544 945 621 1001 decus
636 962 719 1014 neque
740 944 851 1015 pretium
872 943 971 1013 cripere

180 1025 233 1076 tam
244 1021 309 1077 bene
320 1022 417 1077 meritis
429 1021 576 1089 affirmabat,
587 1021 655 1075 “sed
664 1020 744 1076 dinsa
755 1020 822 1074 inter
831 1019 972 1074 exercitum

180 1097 307 1169 ducesque
318 1098 420 1153 munia·
439 1097 561 1153 militibus
578 1097 720 1167 cupidinem
736 1095 865 1184 pugnandi
881 1112 971 1150 conve·

179 1175 252 1240 nira;
281 1174 358 1230 duces
375 1174 537 1246 providendo,
555 1173 727 1237 consultando,
747 1171 908 1227 cunctatione
925 1190 971 1227 sna-

158 1250 241 1340 2pius·
249 1269 325 1321 quem
330 1252 438 1306 temerii
438 1255 488 1314 ate,
500 1249 626 1320 prodesse
657 1249 696 1304 Ut
708 1265 754 1319 pro
765 1247 832 1302 virili
843 1247 968 1318 portione,

180 1328 256 1382 armis
274 1345 304 1383 sc
320 1346 403 1392 mauu,
422 1327 553 1382 victoriam
568 1327 671 1396 juverit,
689 1325 788 1380 ratione
808 1328 835 1380 et
856 1324 968 1413 consilio,

179 1402 287 1472 propriis
308 1403 379 1458 ducis
397 1403 501 1468 artibus,
520 1402 607 1472 proiut
577 1421 688 1456 u.urum
725 1400 817 1470 Neque
834 1400 901 1456 enim
918 1418 970 1456 am-

179 1476 257 1548 bigua
279 1496 335 1533 esse
359 1497 415 1548 qus
439 1482 580 1544 occurrant,
604 1482 705 1534 noctem
728 1483 756 1531 et
773 1476 868 1548 ignotae
890 1476 970 1532 situm

178 1552 257 1618 urbis,
283 1553 322 1608 int
323 1572 353 1610 ua
387 1555 474 1608 hostes
506 1557 533 1608 et
565 1558 657 1610 emota
686 1551 785 1609 insidiis
804 1557 968 1642 opportuna.

157 1627 241 1683 8Non
264 1629 287 1683 si
310 1633 413 1709 pateant
437 1633 524 1700 ports,
549 1630 599 1686 nisi
622 1630 760 1701 explorato,
784 1629 834 1684 nisi
857 1628 937 1694 die,
929 1647 969 1684 rn-

178 1703 305 1760 traudum.
340 1699 386 1759 Δι’
410 1705 625 1776 oppugnationem
653 1707 823 1770 inchoaturos,
850 1703 969 1775 adempto
1019 1731 1025 1744 ·

177 1781 247 1835 omni
270 1784 413 1852 prospectu,
438 1783 496 1852 quis
524 1800 611 1852 aquus
638 1782 717 1848 locus,
742 1785 837 1852 quanta
859 1780 969 1837 altitudo

177 1857 304 1922 moeuium,
325 1857 492 1914 tormentisne
512 1863 539 1914 et
561 1858 620 1914 telis
640 1876 674 1914 an
696 1858 813 1930 operibns
836 1861 863 1914 et
886 1857 967 1913 unsis

154 1933 346 2006 taggredieuda
368 1933 429 1990 urbs
449 1935 542 1990 foret.''
576 1934 641 1990 Mox
666 1953 802 1990 conversus
825 1933 858 1988 ad
880 1933 967 2005 singn-

175 2009 222 2076 los,
249 2015 338 2066 “num
368 2029 468 2066 secures
498 2010 663 2081 dolabrasque
691 2015 719 2066 et
748 2014 840 2066 cetera
868 2027 966 2080 expug-

175 2086 266 2143 nandis
283 2086 390 2144 urbibus
406 2106 492 2143 secum
508 2086 673 2142 attulissent'
685 2085 821 2159 mgitabat.
856 2085 892 2140 lit
908 2103 967 2140 cum

176 2163 323 2230 abnuerent,
348 2163 519 2234 “gladiisue,’'
544 2162 634 2234 inqiut,
660 2167 712 2218 “et
734 2163 792 2234 pilis
810 2161 967 2232 perfringere

154 2250 205 2295 fiac
228 2240 349 2296 subruere
369 2258 455 2296 muros
474 2239 531 2294 ullu
547 2257 637 2294 manus
654 2240 782 2309 possuntt
802 2238 830 2294 Si
847 2254 967 2310 oggerum

175 2317 282 2380 struere,
302 2316 324 2369 si
347 2315 440 2384 pluteis
464 2315 607 2372 cratibusve
629 2315 730 2386 protegi
753 2332 856 2370 necesse
879 2313 967 2380 fuerit,

174 2392 205 2442 ut
234 2389 326 2459 vulgus
355 2390 531 2458 improvidum,
559 2391 626 2446 irriti
649 2391 780 2455 stabimus,
805 2388 966 2444 altitudinem

173 2463 284 2518 turrium
305 2468 332 2518 et
352 2463 433 2518 aliena
452 2467 609 2521 munimenta
628 2466 768 2522 mirantes?
787 2465 859 2524 Quin
878 2464 966 2535 potius

174 2555 246 2592 mora
256 2538 338 2592 noetis
350 2538 433 2604 unius,
445 2539 557 2594 advectis
572 2542 706 2596 tormentis
719 2541 899 2610 machinisque,
913 2539 967 2594 vim

154 2612 356 2682 evictoriamque
372 2613 503 2668 nobiscum
520 2615 660 2670 ferimusl”
680 2616 761 2671 Simuul
777 2616 841 2670 linus
853 2615 967 2670 calones·

176 2706 233 2758 que,
257 2706 317 2744 oum
339 2689 518 2748 recentissimis
545 2691 668 2760 equitum,
696 2691 848 2748 Beduecum
874 2691 967 2761 mittit,
