2096 3038
150 133 198 182 m
494 130 614 182 nactur
783 189 939 241 [mom

148 239 292 304 mumma
320 240 448 312 spolientr
477 240 575 298 fantum
603 256 659 298 esse
688 239 771 298 soalus
799 239 940 311 loquuntur

149 318 305 388 laoinntque.

105 395 143 450 26
184 395 223 451 ut
247 394 398 452 Cremonam
420 410 519 459 renero,
540 410 635 450 novum
654 392 856 463 immensumque
874 407 941 461 opos

149 470 267 526 ooomrit.
304 469 449 526 Othoniano
460 469 527 526 bello
543 469 707 526 Germanicus
725 467 797 524 miles
815 467 941 525 menibus

151 545 357 603 Cremonensium
369 548 453 602 eastre
463 563 518 610 sua,
531 545 621 602 eastris
632 545 725 600 vallum
741 543 940 615 oiroumjeoarat,

129 635 230 691 reaque
253 621 411 678 munimenta
433 639 522 678 rursus
545 625 658 678 auxerat
695 621 811 682 Quorum
835 622 942 690 ospeotu

150 697 246 752 beseno
257 697 374 762 ueteres,
386 697 492 754 moerus
509 697 616 754 ducibus
633 697 694 769 quid
709 696 836 768 juberent.
870 695 941 750 Inoi-

150 789 210 844 pare
222 773 444 844 oppugnationem,
451 773 519 830 fesso
528 791 574 844 per
585 772 650 828 diem
660 778 811 844 uestemque
819 771 941 838 exereitus,

130 848 379 915 nurduumet,nullo
389 849 704 920 juxtesubsidio.anoeps.
732 849 779 904 Sin
789 847 941 904 Bedriacum

117 979 120 984 .
152 923 271 989 redirent,
289 923 462 980 intolerandus
479 928 533 980 tam
549 925 620 996 longi
636 924 737 980 itineris
755 923 834 992 labor,
845 926 872 978 et
888 922 941 978 rio-

152 1000 218 1056 toria
229 999 261 1056 ad
272 1000 373 1056 irritum
390 1000 573 1056 revolvebatur.
610 1001 714 1056 Munire
730 1003 822 1064 eastra,
834 997 863 1054 id
878 1015 941 1069 quo·

152 1093 209 1146 que,
223 1076 371 1148 propinquis
391 1076 515 1143 hostibus,
534 1075 733 1142 formidolosum,
751 1093 784 1131 ne
804 1074 940 1146 dispersu,

130 1156 179 1210 tet
196 1171 260 1225 opus
277 1153 417 1218 molientes,
437 1152 523 1209 subita
542 1153 675 1224 eruptione
695 1151 838 1208 turbarent.
874 1151 942 1214 Quo

152 1247 229 1300 super
251 1233 343 1286 ennete
365 1229 478 1286 terrebat
501 1229 614 1300 ipsorum
636 1229 708 1284 miles
732 1227 838 1299 perieuli
864 1245 942 1298 quam

148 1323 229 1388 peroro
245 1306 398 1376 patientior:
417 1306 510 1377 quippe
521 1305 622 1377 ingrata
637 1323 694 1376 qua
710 1308 776 1370 tuta
789 1321 823 1360 ex
839 1303 941 1360 umeri-

153 1385 288 1451 tatespes;
306 1382 439 1452 omnisque
450 1381 531 1438 sedes
542 1388 569 1438 et
581 1381 687 1436 vulnera
704 1384 730 1436 et
742 1381 846 1452 sanguis
863 1378 941 1434 aridi·

108 1459 207 1521 27tate
230 1455 321 1526 proedm
343 1456 523 1526 pensabuntur.
567 1457 629 1514 Huo
651 1456 781 1514 molinarit
805 1455 940 1523 Antonius,

137 1531 479 1601 -eingiquevnllrunoorona
500 1533 576 1588 ussit.
611 1533 698 1588 Primo
709 1532 811 1604 sagittis
823 1531 942 1602 sexuque

153 1606 251 1676 eminus
263 1606 401 1672 oertabunt,
415 1607 510 1678 majore
526 1606 702 1664 nummorum
714 1608 831 1680 pernioie,
838 1608 866 1662 in
877 1624 941 1677 quos

132 1681 205 1741 suu
224 1681 333 1753 desuper
352 1681 518 1739 librabuntur.
554 1683 620 1738 Mox
639 1685 733 1740 vallum
753 1688 890 1756 portusque
906 1682 942 1738 le-

153 1758 270 1830 gionibus
282 1758 408 1824 attribuit,
420 1762 450 1814 ut
468 1758 592 1816 discretus
608 1759 679 1816 labor
690 1762 770 1816 fortes
787 1761 942 1832 ignarosque

153 1833 329 1906 distingueret,
351 1838 428 1906 atque
446 1834 510 1906 ipsa
522 1837 684 1892 eontentioue
705 1836 802 1892 deooris
823 1834 942 1892 recende-

152 1915 249 1968 rentur.
285 1911 404 1966 Proxima
411 1910 573 1968 Bedriaoensi
584 1913 632 1970 rim
642 1912 747 1968 tertiani
758 1911 942 1982 septimanique

153 2005 291 2060 sumpsere,
304 1987 447 2044 dexteriora
456 1987 516 2044 valli
527 1992 617 2045 notave
628 2006 658 2044 ao
669 1988 777 2060 septima
788 1987 942 2054 Claudiene;

152 2064 372 2122 tertiadecimanos
395 2063 428 2120 ed
450 2064 596 2120 Brixianam
619 2069 719 2136 portam
742 2067 853 2136 impetus
872 2063 941 2118 tulit.

132 2140 261 2204 nPaulum
283 2141 342 2198 inde
365 2158 449 2206 more,
469 2139 530 2196 dum
550 2159 583 2196 ex
605 2141 726 2212 proximis
747 2140 815 2212 agris
835 2139 941 2212 ligones,
1045 2143 1046 2146 ’

153 2215 275 2284 dolabras,
300 2222 327 2273 et
350 2217 393 2274 alii
415 2217 494 2274 falbes
517 2217 647 2290 scalasque
670 2219 830 2272 eonveotent.
866 2215 943 2284 Tum,

153 2292 229 2348 elatis
243 2311 320 2364 super
337 2293 421 2364 eapite
438 2293 527 2360 mutis,
549 2293 627 2350 densa
646 2291 776 2348 testudine
793 2291 942 2348 suoeedunt.

131 2368 274 2436 4Boroanre
293 2369 413 2438 utrinqne
434 2373 520 2426 artes:
541 2367 654 2440 pondera
673 2386 793 2424 saxorum
811 2365 944 2424 Vitelliani

153 2441 312 2511 provolvunt,
326 2442 458 2514 disjectam
473 2443 665 2515 fluitantemque
682 2443 837 2500 testudinem
849 2443 943 2498 lanoeis
1044 2485 1045 2490 κ

96 2525 98 2530 ’
153 2517 285 2588 pontisque
300 2523 456 2583 scrutantur,
469 2519 556 2586 donee,
570 2521 654 2578 soluta
665 2539 786 2592 eompage
803 2528 943 2592 susurrum,

153 2609 294 2666 exsonfflres
306 2601 351 2648 aut
364 2592 462 2652 loeeros
480 2599 669 2668 prosternerent
683 2597 765 2654 mnnita
776 2614 833 2656 oum
848 2599 942 2668 suere.
