2104 3022
191 109 239 157 aaa
532 109 652 159 raorrr
928 167 930 170 ,

820 170 857 220 [Δ.
867 169 894 212 u
905 171 928 210 o.
936 166 989 214 aas.

142 289 144 296 J
187 237 221 275 ux
237 237 310 292 aequo
323 223 436 292 egerant,
449 220 515 276 datis
527 221 657 277 obsidibus
669 221 732 276 iram
747 229 862 292 posuere,
880 227 908 276 et
920 239 990 292 prse-

188 296 260 352 sidiis
278 297 440 368 oastellisque
460 297 629 364 circumdatae,
651 302 724 352 tanta
746 299 844 352 ratione
864 309 987 369 auraque

188 377 220 428 ut
231 373 302 428 nulla
313 378 373 429 anta
384 373 523 428 Britannias
534 392 601 429 nova
612 391 678 445 pars.

144 449 181 506 21
225 449 367 504 lllaoessita
383 449 484 504 transiit
503 467 610 521 sequens
626 450 714 514 biems,
731 448 906 504 saluberrimis
924 451 1003 503 oon·‘

183 524 253 580 'siliis
265 525 406 596 absumpta.
441 525 560 597 Namque
571 530 601 580 ut
613 526 726 580 homines
739 525 846 596 disparsi
858 542 887 580 ao
898 524 987 594 rudes,

189 620 270 674 suque
282 603 309 658 in
323 603 388 658 bella
403 603 497 669 faciles,
514 604 594 675 quieti
610 609 637 659 et
652 605 706 659 otio
721 621 767 675 per
782 604 927 675 voluptates
944 621 988 658 as·

189 684 344 745 nausearent
361 680 458 735 hortari
474 680 599 751 privatim,
615 680 734 750 adjuvata
751 679 858 751 publiea,
871 686 902 734 ut
918 683 988 734 tern-

188 755 239 828 plu
264 756 327 822 lora,
349 757 438 812 domm
462 761 631 826 enstnrerent,
651 757 777 813 laudando
801 759 932 828 promptos
957 760 988 812 et

167 832 338 904 aoestgsndo
358 851 457 904 segnes.
493 834 537 889 Ita
554 834 657 889 honoris
681 833 808 889 amubtio
832 849 878 904 pro
897 849 987 887 neom-

189 908 268 966 siiata
286 913 349 965 orat.
385 910 444 964 Jam
461 927 522 965 vero
539 909 682 982 principum
699 909 764 964 filios
781 908 926 964 liberalibus
944 927 987 962 ar-

190 985 260 1042 tibus
272 985 380 1055 erudire,
392 989 418 1041 et
429 986 532 1056 ingenia
547 986 728 1041 Britannorum
744 975 836 1041 sinaiis
852 983 986 1040 Gallorum

191 1063 324 1128 anteferre,
341 1063 433 1134 utqui
448 1062 523 1117 modo
541 1062 655 1134 linguam
672 1062 814 1116 Romanam
830 1059 985 1128 abnuebant,

169 1137 360 1210 tuloquentiam
371 1138 586 1209 eoncupisoerent.
620 1137 686 1192 Inda
698 1138 775 1192 etiarn
786 1137 889 1192 babitus
901 1137 985 1191 nostri

191 1213 273 1268 bonor
295 1217 323 1270 et
345 1214 465 1284 frequens
488 1217 557 1286 toga
592 1213 770 1284 Paulatimque
791 1212 931 1268 dimassum
949 1213 986 1268 ad

192 1289 360 1345 delenimenta
377 1289 505 1355 vitiorum,
523 1291 641 1361 porticus¹
659 1293 686 1345 et
703 1289 793 1345 balnea
812 1298 839 1344 et
857 1288 986 1344 oonvirio-

191 1382 249 1420 rum
261 1365 419 1438 elegantiam.
455 1365 539 1434 quue
555 1365 623 1436 apud
638 1365 769 1437 imperitos
784 1364 928 1420 humanitas
939 1382 986 1421 ro-

191 1440 305 1507 sabatur,
317 1459 376 1496 aum
388 1459 448 1512 pars
460 1441 590 1497 servitutis
602 1445 678 1497 esset.

145 1514 184 1570 22
225 1516 328 1570 Tertius
350 1517 539 1586 expeditionum
559 1535 640 1572 annus
658 1533 737 1573 novas
760 1519 850 1587 gantas
873 1516 983 1587 aperuit,

119 1591 299 1677 *sgffvastatis
316 1609 397 1662 usquo
419 1591 451 1646 ad
471 1591 551 1646 Taum
572 1593 703 1662 (aestuario
722 1609 816 1648 noman
834 1593 894 1661 est)
911 1593 983 1648 mu-

128 1665 174 1725 aa'
192 1666 290 1727 onibus.
335 1666 396 1726 Qua
406 1667 540 1722 formidine
558 1668 642 1723 territi
659 1669 754 1734 hostes,
767 1685 910 1740 quanquam
920 1685 984 1724 oon·

135 1735 167 1776 ⁸⁰·
190 1741 316 1798 fliotatum
329 1742 404 1797 saris
419 1743 614 1814 tempestatibus
633 1745 780 1812 exereitum,
791 1745 914 1801 luoessera
930 1761 984 1801 nou

167 1819 261 1886 tausi3
280 1818 453 1892 ponendisque
469 1821 573 1891 iusuper
585 1821 695 1876 castellis
710 1821 822 1891 spatium
835 1820 893 1876 luit.
928 1823 984 1877 An-

189 1896 312 1952 notabaut
333 1896 416 1967 periti,
434 1913 487 1951 non
507 1897 584 1952 alium
607 1895 697 1952 duoem
721 1897 926 1968 opportunitates
946 1897 984 1953 io-

188 1977 454 2105 suaiua
464 1973 890 2120 tristissimos
903 1991 985 2120 aa:

162 2130 237 2181 *tons
254 2143 284 2182 ao
301 2126 364 2196 iuga
380 2125 517 2181 desertum.
553 2125 655 2180 Crebra
673 2125 837 2196 eruptiones:
861 2143 919 2180 nam
938 2125 985 2181 ad·

187 2219 277 2257 versus
303 2219 387 2256 moras
416 2200 553 2256 obsidionis
577 2201 673 2256 annuis
698 2201 780 2272 oopiis
803 2200 978 2256 firmabantur.

188 2276 233 2331 Ita
244 2277 370 2348 intrepida
381 2277 417 2332 ibi
432 2277 520 2343 hiems,
533 2280 560 2332 et
574 2276 623 2332 sibi
640 2276 747 2350 quisque
763 2276 888 2348 praesidio,
899 2276 982 2332 irritis

187 2351 305 2407 hostibus
329 2371 411 2424 eoquo
434 2352 634 2424 desperantibus,
655 2353 721 2424 qnia,
741 2353 809 2408 soliti
834 2352 983 2424 plerumque

187 2423 279 2478 damna
293 2428 390 2482 astatis
406 2427 517 2484 hibernis
535 2428 669 2484 arantibus
687 2447 801 2500 pensare,
819 2431 875 2484 tum
892 2434 984 2486 massa

164 2499 264 2564 satque
286 2499 369 2554 meme
388 2505 468 2569 juxta
491 2504 658 2574 pellebantur.
706 2506 764 2560 Neo
789 2504 910 2577 Agrioola
934 2525 984 2560 un-

186 2586 263 2639 quam
280 2589 326 2640 per
346 2574 408 2628 alios
428 2581 502 2645 gesta
519 2580 608 2634 aridus
625 2580 776 2652 intersepit:
802 2599 849 2637 sau
865 2579 983 2640 mutuno

187 2659 234 2697 sau
245 2645 381 2714 praelautus
391 2648 567 2722 inoorrrptum
578 2655 641 2710 insti
650 2659 746 2712 testem
756 2657 875 2714 lababat
904 2659 984 2730 Apud
