2096 3038
178 183 211 232 98
511 177 634 228 ΤΑΟΙΤΙ

813 235 975 288 [ancara

176 291 288 364 legiones
300 309 346 364 per
357 289 478 362 epistolas
490 289 633 346 alliciebant
640 288 816 346 Pannonicum
823 288 975 353 exercitum,

177 375 222 425 aut
234 369 356 424 abnuenti
370 367 421 422 vim
438 367 569 438 parabant.
607 368 639 422 ln
654 383 685 422 eo
702 370 776 420 motu
793 365 909 436 Aponius
927 365 977 418 Sa«

176 447 303 510 turrinus,
319 447 347 497 M
351 445 418 499 oesiee
430 448 521 508 rector,
534 444 671 514 pessimum
684 442 783 496 facinus
796 441 880 505 audet,
892 441 977 497 misac

178 523 327 578 centurione
335 521 367 575 ad
375 520 577 580 interficiendum
585 520 698 574 Tettium
708 521 727 574 J
729 519 848 584 ulianam,
859 517 977 588 septimae

179 598 284 669 legionis
296 589 416 668 legatarii,
430 597 462 651 ob
475 597 624 662 simultates,
639 596 731 666 quibus
748 613 849 650 causam
862 594 976 664 partium

180 674 358 745 pretendebat.
395 673 520 738 Julianus,
534 676 663 744 comperto
681 672 832 740 discn'mine,
844 676 871 726 et
888 670 977 742 garario
1044 671 1045 726 j

180 751 291 805 locorum
304 749 416 814 adscitis,
425 768 470 820 per
482 750 643 805 aviaMoesiae
652 749 721 804 ultra
729 753 842 804 montem
854 749 976 808 Hamum
1044 817 1045 820 Ἴ

180 827 301 898 profugit.
338 826 394 880 Nec
413 826 503 881 deinde
519 827 588 882 civili
603 827 669 881 hello
689 826 815 893 interluit,
830 844 875 896 per
890 825 975 883 varias
1044 825 1045 866 5

179 923 262 958 moras
282 906 430 973 susceptum
451 903 484 957 ad
502 904 688 974 Vespasianum
706 903 756 958 iter
772 903 924 968 heberaei
942 921 976 959 ex

136 981 276 1044 ennuntiis
294 979 487 1034 cunctabundus
504 983 549 1033 aut
565 997 711 1050 properans.
747 981 784 1036 At
800 979 828 1033 in
843 979 976 1036 Pannonia

179 1058 257 1112 tertia
269 1057 367 1112 decima
377 1056 444 1126 legio
457 1074 486 1110 ac
504 1057 612 1126 septima
630 1056 759 1120 Galbiana,
777 1055 889 1110 dolorem
901 1055 976 1109 iram.

180 1154 229 1206 que
252 1133 428 1190 Bedriacensis
449 1151 541 1204 pugnae
566 1132 713 1196 retinentes,
732 1131 801 1186 haud
824 1136 975 1188 cunctanter

158 1212 336 1282 aVespasiano
356 1227 490 1274 accessere,
511 1209 537 1263 vi
557 1209 683 1278 praecipua
698 1209 779 1264 Primi
795 1209 908 1264 Antonii.
945 1209 976 1264 Is

179 1289 279 1359 legibus
296 1305 390 1342 nocens
409 1290 435 1341 et
452 1292 568 1356 tempore
579 1285 691 1340 Neronis
707 1285 767 1340 falsi
781 1285 922 1351 demamus,
935 1285 976 1340 in-
1044 1327 1045 1332 η

180 1368 220 1418 ter
238 1365 286 1418 elia
303 1362 364 1417 belli
384 1362 457 1427 mele,
471 1362 624 1417 senatorium
642 1361 755 1416 ordinem
772 1372 974 1432 recuperaverat.

180 1439 336 1508 Praepositus
349 1457 364 1492 a
376 1437 456 1492 Galba
467 1438 580 1508 septimae
592 1439 685 1509 legioni
703 1439 860 1509 scriptitdssc
878 1440 974 1498 Othoni

181 1514 338 1580 credebatur,
357 1513 447 1569 ducem
468 1533 496 1568 se
516 1515 631 1584 partibus
650 1515 778 1582 offeram
806 1534 821 1572 a
841 1534 891 1586 quo
912 1535 975 1586 neg*

158 1590 263 1650 alectus
283 1590 311 1646 in
327 1590 398 1645 nullo
415 1590 555 1646 Othoniani
573 1592 633 1647 belli
651 1611 702 1648 usu
720 1592 779 1648 fuit.
815 1593 975 1650 habentibus

181 1667 280 1722 Vitellii
290 1667 366 1722 rebus
381 1666 568 1736 Vespasianum
587 1673 690 1724 secutus
705 1669 801 1740 grando
817 1677 975 1730 momentum

181 1741 285 1808 addidit,
299 1746 418 1798 strenuus
430 1761 514 1811 manu,
531 1763 646 1800 sermone
661 1750 802 1816 promptus,
818 1747 931 1802 serenda
947 1747 975 1806 iu

181 1819 244 1874 alios
261 1819 362 1874 invidiae
380 1819 482 1886 artilex,
500 1820 631 1876 discordiis
646 1827 673 1876 et
693 1822 860 1878 seditionibus
875 1827 976 1893 potens,

180 1900 275 1968 raptor,
292 1896 406 1968 largitor,
423 1913 485 1968 pace
504 1899 635 1968 pessimus,
651 1897 717 1954 bello
735 1917 788 1954 nou
808 1901 974 1970 spernendus.

158 1975 271 2035 sJuncti
281 1975 341 2031 inde
352 1975 454 2031 Moesici
465 1994 495 2032 ac
511 1977 652 2032 Pannonici
663 1978 790 2033 exercitus
802 1979 975 2034 Delmaticum
1042 1999 1043 2024 ;

180 2053 287 2108 militem
305 2056 413 2118 traxere,
436 2071 579 2124 quanquam
599 2054 773 2110 consularibus
797 2055 888 2126 legatia
912 2055 976 2111 nihil

180 2129 350 2189 turbantibus.
387 2130 461 2184 rlituo
495 2130 602 2201 Ampius
639 2129 775 2186 Flavianus
810 2132 976 2201 Pannoniam,

180 2207 317 2278 Pompeius
336 2208 452 2264 Silvanus
468 2207 621 2262 Dalmatiam
633 2207 762 2274 tenebant,
782 2209 874 2264 divites
892 2227 975 2266 aenea.

159 2284 232 2347 abed
244 2289 393 2354 procurator
408 2283 494 2338 aderat
507 2284 639 2339 Cornelius
657 2284 763 2351 Pbrscus,
782 2286 871 2356 vigens
890 2291 975 2354 atate,

181 2359 254 2413 claris
272 2361 407 2415 natalibus.
443 2360 532 2414 Prima
547 2361 660 2431 juventa,
679 2358 772 2432 quietis
792 2364 919 2434 cupidine,
937 2383 977 2420 se·

159 2432 308 2501 eustorium
338 2436 452 2490 ordinem
479 2443 592 2491 exuerat.
641 2438 713 2493 Idem
740 2457 787 2509 pro
811 2441 893 2496 Galba
922 2441 977 2498 dux

181 2511 285 2566 colonia
316 2530 375 2576 suae,
406 2529 486 2582 eaque
515 2531 592 2584 opera
622 2518 827 2585 procurationem
857 2518 976 2589 adeptus,

180 2587 307 2656 susceptis
325 2587 477 2656 Vespasiani
496 2588 619 2659 partibus,
641 2591 787 2647 acerrimam
808 2594 873 2649 bello
894 2596 978 2652 focem

181 2662 310 2732 pretulit:
328 2681 380 2717 non
403 2665 456 2718 lam
479 2665 588 2734 praemiis
612 2667 781 2734 periculorum
809 2689 885 2741 quam
912 2673 979 2743 ipsis

181 2737 299 2808 periculis
311 2739 393 2805 laetus,
406 2756 453 2809 pro
465 2741 541 2794 certis
554 2743 580 2794 et
592 2741 651 2796 olim
663 2744 833 2812 pertianova,
847 2748 977 2820 ambigua,
