2086 3026
78 212 132 251 ro
148 127 191 258 ur
256 147 509 197 ursnomnuun
525 149 568 196 1v.
588 148 691 195 ss-ea.
823 146 867 194 roa

12 279 13 288 ¹
78 261 186 316 Batavos
203 277 288 324 eurus,
303 258 425 330 quosdam
443 259 597 315 Nerviorum
615 253 828 327 Betasiorumque
843 255 871 310 in

78 335 242 390 urmetrexit.
278 335 596 407 Etiurtimmegis‚quam
604 331 895 398 bello,Gannineiateso

80 412 256 482 Marsacosque
275 410 428 465 incursabat.
464 411 570 478 Vocula,
591 409 721 464 Gallorum
742 405 832 462 fraude
844 405 873 460 il·

78 489 166 552 lectus,
195 487 227 540 ed
253 487 354 541 hostem
374 487 513 542 contendit.
549 486 607 541 Nec
624 484 713 556 procul
733 477 915 539 Veteribusbi

79 563 172 630 aberat,
185 580 242 616 eum
255 561 381 616 Classicus
394 581 424 618 ac
435 563 523 628 Tutor,
542 580 588 633 per
606 563 715 632 speciem
728 559 876 632 explorandi

78 639 216 710 praegressi,
231 657 288 693 eum
307 638 423 694 Ducibus
439 639 621 694 Germanorum
641 644 717 708 pacta
734 637 873 691 firmavere.

79 715 192 786 Tumque
213 715 321 786 primum
347 713 450 769 discreti
475 733 491 769 o
514 713 657 786 legionibus
681 714 783 784 proprio
808 711 897 768 vallor

79 794 162 846 castre
177 809 225 846 sua
241 790 407 855 circumdant,
426 790 571 845 obtestante
587 789 692 854 Vocula,
707 791 723 818 ‘⁸
732 789 794 843 Non
811 788 875 844 odeo

78 867 207 922 orbatam
227 866 342 922 civilibus
364 865 440 920 armis
460 884 514 920 rem
534 866 685 929 Romarm
705 868 736 918 ut
756 865 874 919 Treveris

79 943 156 998 etiam
178 941 390 1012 Lingonibusque
413 940 545 1010 despectui
568 941 610 994 sit.
647 941 785 1010 Superesse
808 940 872 996 fidas

80 1017 229 1088 provincias,
255 1017 365 1071 victores
392 1017 528 1084 exercitus,
554 1015 683 1070 fumonem
709 1016 821 1086 hperii,
849 1019 876 1070 et

80 1092 177 1146 ultores
194 1093 272 1146 Deos.
310 1091 353 1145 Sic
372 1091 432 1146 olim
450 1091 608 1146 Sacrouirum
626 1094 652 1145 et
671 1089 777 1156 AEduos,
795 1098 901 1161 rupert

81 1167 215 1223 Vindicem
228 1165 376 1236 Galliasque,
387 1167 493 1235 singuiis
503 1166 597 1238 proeliis
610 1166 755 1221 ooncidisse.
782 1165 879 1220 Eodem

80 1262 170 1299 nnsus
186 1242 307 1306 Numina,
323 1241 410 1296 eadem
426 1245 487 1309 fata,
504 1246 622 1313 ruptores
637 1241 760 1297 foederum
776 1259 880 1312 exspec-

80 1323 173 1374 tarent.
210 1318 305 1373 Melius
317 1318 351 1372 D.
364 1317 433 1372 Julio
445 1319 561 1390 Divoque
574 1319 693 1390 Augusto
705 1322 780 1372 notos
793 1336 880 1373 eorum

80 1397 185 1450 animos.
223 1393 335 1459 Galbam,
354 1397 381 1448 et
401 1395 509 1450 infracta
526 1394 631 1460 tributa,
650 1394 756 1450 hostiles
775 1395 880 1465 spiritus

79 1472 202 1528 induisse.
239 1471 316 1525 Nunc
342 1469 437 1536 hostes,
466 1471 526 1542 quia
551 1471 626 1526 molle
652 1471 800 1538 servitium3
820 1489 878 1526 cum

80 1547 184 1618 spoliati
200 1547 321 1618 exutique
338 1546 441 1612 fuerint,
455 1548 549 1602 amicos
565 1547 645 1602 fore.”
682 1548 747 1603 Haeo
762 1547 903 1603 ferocitor4

80 1623 189 1691 locutus,
203 1626 337 1697 postquam
354 1627 468 1694 perstare
482 1624 510 1678 in
523 1624 628 1694 perfidia
643 1623 785 1680 Classicum
800 1625 893 1679 'luto-¹

80 1717 184 1770 remque
198 1698 276 1762 videt,
293 1717 367 1754 verso
381 1699 480 1765 itinere,
497 1700 639 1756 Novesium
653 1700 777 1757 oono'edit.
815 1700 881 1756 Galli

81 1775 162 1829 duum
187 1774 293 1829 millium
320 1776 402 1844 spatio
429 1776 583 1832 distantibus
611 1777 706 1847 campis
733 1776 879 1832 consedere.

81 1850 150 1905 Illuc
162 1849 357 1903 commeantium
368 1849 550 1906 centurionum
560 1852 720 1921 militumque
733 1851 905 1906 emebantur

82 1925 175 1979 enimi:
195 1927 225 1977 ut
235 1923 371 1993 (flagitium
383 1925 560 1996 incognitum)
571 1927 703 1985 Romams
715 1927 844 1981 exercitus
856 1927 883 1982 in
896 1937 898 1942 ’

12 2065 13 2070 ¹
82 2005 190 2056 externa
201 1997 279 2052 verbe
287 1999 410 2067 jurarent,
421 2001 564 2071 pignusque
573 2001 641 2054 tanti
649 2001 752 2056 sceleris
761 2008 825 2056 'nece
838 2005 895 2056 eut.

12 2085 13 2088 ’
81 2075 193 2146 vinculis
208 2074 366 2144 Legatorum
384 2074 494 2130 daretur.
517 2076 637 2140 vVocula,
651 2094 794 2146 quenquam
811 2076 905 2148 pleri-o

82 2171 135 2223 que
146 2151 234 2222 iugum
246 2149 395 2214 suadebant,
405 2150 548 2206 audendum
560 2157 639 2216 ratus,
653 2157 744 2207 vocata
756 2153 883 2214 concione,

82 2230 112 2283 in
125 2229 195 2282 huno
206 2225 308 2280 modurn
323 2225 443 2288 disseruit
451 2230 510 2281 :—“
521 2229 661 2299 Nunquam
674 2229 741 2299 apud
752 2247 798 2284 vos
810 2229 929 2290 verbn58

82 2305 143 2368 feci,
154 2307 199 2357 aut
212 2319 257 2372 pro
267 2301 337 2357 vobis
350 2302 488 2372 sollicitior,
498 2308 543 2358 aut
552 2323 598 2376 pro
610 2323 651 2360 me
660 2306 780 2362 securior.
817 2307 886 2362 Nam

82 2380 149 2436 mihi
169 2379 277 2434 exitium
297 2379 388 2448 parari,
407 2379 488 2435 libens
509 2380 599 2437 audio:
618 2386 776 2454 mortemque
796 2383 823 2438 iu
844 2388 885 2440 tot

83 2456 159 2511 melis
171 2456 313 2520 honestam,
324 2459 354 2508 ut
367 2455 441 2510 finem
454 2457 620 2524 miseriarum,
631 2465 758 2530 exspecto.
799 2459 887 2516 Vestri

84 2550 128 2586 me
147 2531 227 2602 pudet
245 2531 410 2602 miseretque,
429 2531 549 2605 adversus
569 2553 633 2604 quos
652 2553 704 2590 non
724 2537 841 2608 proelium
860 2539 887 2592 et

86 2609 156 2662 acies
172 2611 309 2676 parantur;
328 2606 355 2661 id
371 2609 438 2662 enim
454 2609 492 2664 fas
510 2627 636 2666 armorum
655 2615 682 2666 et
703 2613 747 2681 jus
768 2611 888 2672 hostium,

85 2683 190 2739 Bellum
206 2701 263 2737 cum
279 2683 378 2754 Populo
395 2685 511 2740 Romam
524 2689 616 2744 vestris
630 2705 658 2744 se
669 2689 787 2746 manibus
800 2691 912 2758 gestu-r

115 2787 277 2824 anc.,rorr.11.
487 2779 505 2820 0
