2086 3026
83 205 194 256 mm
260 145 513 195 nlsromueum
529 145 560 195 V.
579 147 680 195 19-22.
826 143 875 198 m

82 260 197 327 poteraut
213 255 351 311 interiecto
363 256 503 312 furuum
518 273 634 328 quoque;
652 256 678 310 r'n
695 255 753 327 quis
766 254 877 326 Brigan-

81 333 153 397 ticus,
166 331 303 402 praefectus
315 331 368 397 alm,
381 332 514 398 ceciderat,
528 350 603 403 quem
617 331 697 387 fidum
708 331 832 386 Romanis
847 333 876 386 et

83 407 155 464 (livill
175 407 300 463 avunculo
320 407 450 464 infensum
473 407 590 464 diximus
626 407 677 463 Sed
700 407 743 463 ubi
769 406 897 462 Oeriulin

82 501 138 540 cum
161 483 260 540 delecta
282 483 398 555 equitum
420 503 498 539 maun
521 484 648 550 subvenit,
673 501 747 539 verse
771 483 877 538 fortuna

81 560 222 632 precipites
243 560 363 616 Germani
380 560 408 616 in
425 579 523 616 amnem
542 565 662 633 aguntur.
698 559 794 624 Civilis,
814 559 876 614 dum
921 565 925 578 ‘

82 637 209 708 fugientes
220 639 341 706 retentat,
353 637 457 708 agnitus
472 638 620 709 petitusque
634 637 693 692 telis
709 637 799 692 relicto
811 652 878 706 equo

82 713 227 770 emovit.
262 713 336 768 Idem
353 714 461 781 Versois
478 715 608 786 effugium.
644 714 767 768 Tutorem
785 711 902 768 Clausi-³

83 789 616 936 ulmum

83 941 198 1008 formido,
218 945 245 996 et
268 942 378 1012 remiges
397 959 444 1012 per
468 941 517 996 elia
536 941 634 996 militiae
657 942 744 995 munia
762 940 877 1010 dispersi

84 1018 151 1072 Sane
169 1017 275 1072 Cerialis
292 1035 383 1087 parurn
402 1018 525 1088 temporis
543 1018 576 1072 ad
593 1017 754 1088 exsequenda
773 1016 902 1086 imperiae

84 1092 168 1157 dabat,
193 1092 293 1146 subitus
320 1092 439 1158 consiliis,
464 1093 510 1148 sed
536 1097 631 1148 eventu
655 1093 746 1146 clarus.
783 1092 880 1146 Aderat

84 1169 189 1222 fortium
205 1167 283 1222 etiam
296 1167 342 1222 ubi
357 1172 426 1223 artes
444 1168 593 1224 defuissent.
629 1167 700 1222 Hinc
717 1167 768 1238 ipsi
784 1167 881 1222 exerci-

84 1243 176 1312 tuique
195 1243 278 1298 minor
298 1261 360 1298 cura
380 1244 526 1314 usciplinae.
560 1245 596 1300 Et
616 1261 711 1315 paucos
734 1247 794 1314 post
817 1243 902 1308 dies,t

85 1336 230 1390 quanquam
253 1319 395 1390 periculum
418 1320 574 1390 captivitatis
597 1321 727 1386 evasisset,
752 1319 882 1374 infamiam

85 1413 139 1451 nou
156 1395 255 1451 vitavit.
290 1395 427 1452 Profectus
446 1396 587 1452 Noresium
607 1397 774 1468 Bonnamque
794 1394 827 1449 od
847 1391 935 1450 viat*

84 1471 166 1528 sanda
185 1476 350 1542 castraque
373 1472 522 1528 hiematuris
545 1474 687 1546 legionibus
710 1472 881 1545 erigebantur,

83 1547 193 1603 navibus
212 1547 349 1612 remeabat,
372 1547 479 1618 disJ‘ecto
499 1551 606 1622 agmine,
626 1551 760 1606 incuriosis
780 1548 881 1620 uigiliis.

86 1623 299 1679 Animadversum
318 1624 347 1679 id
367 1625 499 1681 Germanis
509 1646 516 1692 ;
534 1631 562 1682 et
584 1626 689 1682 insidias
710 1643 881 1697 composuere.

86 1700 178 1756 Electa
194 1719 246 1756 nox
263 1705 320 1756 atra
339 1701 469 1769 nubibus;
486 1707 513 1758 et
530 1721 611 1774 prono
629 1722 702 1758 amne
719 1703 795 1774 rapti,
813 1701 906 1756 nullut

87 1776 245 1846 probibente,
262 1777 357 1832 vallum
372 1777 469 1833 ineunt.
506 1779 592 1834 Prima
607 1779 688 1834 caedes
703 1784 763 1834 astu
779 1779 883 1849 adjuta:

87 1852 176 1908 incisis
196 1853 417 1908 tabernaculorum
436 1853 548 1919 funibus,
576 1855 682 1910 suismet
703 1854 822 1910 tentoriis
843 1870 885 1907 co-

87 1932 193 1998 opertus
217 1929 387 1984 trueidabaut.
422 1928 501 1982 Aliud
527 1947 618 2000 agmen
641 1930 746 1984 turbare
770 1929 883 1992 classem,

88 2003 196 2074 injicere
215 2005 306 2070 vincla,
328 2005 430 2059 trabere
450 2021 556 2075 puppes.
593 2005 682 2076 thue
699 2005 732 2058 ed
749 2002 908 2058 fallendum8
1000 2005 1003 2014 ’

89 2081 200 2147 silentio,
221 2082 259 2136 ita
279 2084 364 2152 coepta
383 2079 459 2146 cede,
482 2098 532 2151 quo
553 2080 610 2151 plus
629 2081 736 2135 terroris
757 2079 887 2146 adderent,

11 2153 12 2158 '
90 2161 186 2212 cuncta
198 2157 350 2214 elamoribus
361 2156 508 2212 miscebunt.
533 2157 643 2212 Romani
651 2155 798 2212 vulneribus
810 2153 888 2209 exciti

90 2237 212 2304 querunt
230 2252 306 2300 arma
324 2237 406 2288 ruunt
426 2251 472 2303 per
488 2232 551 2300 mas,
567 2233 643 2304 pauci
663 2236 756 2287 ornatu
777 2231 888 2295 militaui,

90 2309 207 2380 plerique
221 2310 318 2364 circum
334 2309 439 2364 brachia
455 2312 525 2364 torta
540 2313 613 2364 veste
630 2312 658 2363 et
675 2309 772 2364 strictis
790 2325 889 2362 mucro-

90 2385 178 2440 nibus.
214 2385 279 2440 Dux
290 2385 458 2440 semisomnus
472 2403 502 2440 ac
513 2403 592 2456 prope
606 2386 718 2440 intectus
733 2403 818 2440 errore
831 2384 913 2438 bos-'4

91 2462 161 2516 tium
178 2466 302 2516 servatur.
340 2461 459 2531 Namque
476 2462 620 2532 praetoriam
637 2480 727 2517 navem
744 2461 837 2517 vexillo
853 2461 890 2515 in·

92 2537 202 2609 signem,
215 2537 267 2592 illic
285 2537 376 2592 ducem
394 2538 452 2603 rati,
465 2537 601 2608 abripiunt.
637 2539 744 2594 Cerialis
761 2537 820 2593 alibi
831 2554 892 2591 noo-

91 2617 149 2670 tem
164 2617 260 2685 egerat,
272 2617 303 2668 nt
321 2613 434 2684 plerique
450 2615 585 2681 credidere,
601 2615 634 2670 cb
648 2620 767 2686 stuprum
781 2613 893 2669 Olaud'ne

93 2691 211 2747 Sacrate
227 2690 341 2746 mulieris
356 2689 439 2746 Ubiae.
474 2691 575 2764 Vigiles
589 2693 715 2764 flagitium
730 2709 806 2747 sunm
821 2687 916 2743 dueist
