2086 3026
183 142 230 194 196
518 142 638 191 TACITI

819 204 845 242 A.
855 203 883 242 u.
893 203 915 242 o.
925 203 967 244 aas.

180 256 237 308 tum
252 253 306 308 fere
320 252 428 324 lapidem
442 252 524 307 coorti
540 252 660 308 Germani
676 203 914 322 meautnmlsgman
928 270 971 323 ag

180 329 338 400 grediuntun
374 329 580 399 Pugnacissimus
598 329 705 400 quisque
720 328 748 382 in
763 328 879 398 vestigio,
896 328 972 382 nrulti

180 405 302 476 palantes,
314 404 454 460 oooubuere
466 423 471 458 :
490 404 576 458 ceteri
586 408 655 458 retro
667 404 695 458 in
706 407 792 458 cestra
802 403 970 474 profugiunt3

181 484 303 552 querente
321 497 382 534 sane
395 479 469 533 civili
484 483 511 533 et
528 479 674 550 increpante
691 480 838 546 Germanos,
850 483 972 550 tanquam

159 556 256 612 elidem
267 574 313 626 per
324 555 406 610 eoelus
418 555 603 625 abrumperent.
641 555 764 608 Simulata
780 573 810 608 ea
821 555 926 620 fuerint,
939 574 971 610 an

180 631 290 686 retinere
310 631 442 684 sevientes
462 630 610 701 neqniverit,
634 649 723 700 parum
744 631 890 685 affirmatur.
926 632 972 686 Di·

180 706 260 776 reptis
284 706 381 772 eastris,
405 706 473 761 faoes
496 706 630 775 injiciunt:
649 710 812 776 eunotosque
839 707 884 777 qui
906 725 972 776 proe·

136 781 214 836 ollio
237 781 422 852 superfuerant,
449 781 594 836 incendium
617 781 709 836 hausit.
746 781 839 846 Civilis,
864 782 972 839 barbaro

179 861 247 922 voto,
264 860 323 928 post
341 865 424 927 empta
437 856 557 912 adversus
577 857 706 912 Romanos
728 875 803 922 erma,
829 876 972 930 propexum

180 933 363 1004 rutilatumque
379 932 483 998 crinem,
500 937 601 1002 patrata
618 932 719 988 demum
743 933 810 988 erede
834 934 972 1004 legionum,

179 1009 305 1080 deposuit.
342 1009 377 1063 nt
400 1007 537 1076 ferebatur,
561 1009 666 1078 parvulo
690 1009 741 1063 filio
765 1009 890 1080 quosdam
913 1029 973 1082 esp

179 1087 290 1142 tivorum
311 1085 412 1156 sagittis
430 1083 571 1155 jaculisque
595 1083 733 1154 puerilibus
757 1085 871 1155 figendos
897 1086 973 1142 obtu-

157 1163 247 1218 2lisse.
283 1162 411 1216 Caeterum
427 1179 510 1232 neque
524 1179 559 1226 se,
571 1179 654 1231 neque
669 1179 819 1231 quemquam
834 1161 972 1229 Batavum,

178 1239 206 1292 in
221 1238 299 1292 verba
315 1238 452 1292 Galliarum
468 1236 569 1307 adegit:
588 1237 649 1290 fisus
666 1237 849 1292 Germanorum
863 1238 972 1308 opibus:

179 1318 213 1379 et,
227 1315 249 1368 si
261 1314 409 1370 certandum
425 1315 546 1367 adversus
563 1313 649 1367 Gallos
661 1312 693 1367 de
709 1313 869 1382 possessione
886 1333 973 1370 rerum

157 1391 253 1454 aforet,
262 1390 365 1444 inolitus
377 1389 444 1443 fama
452 1393 479 1442 et
490 1389 581 1458 potior.
617 1389 757 1444 Mummius
769 1389 914 1460 Lupercus,
924 1391 975 1446 Le-

179 1469 255 1534 gatus
267 1464 381 1534 legionis,
391 1465 458 1518 inter
467 1463 532 1518 dona
543 1465 635 1519 missus
645 1465 755 1520 Veledee.
773 1466 813 1520 Ea
821 1465 896 1536 virgo
907 1468 975 1522 uati-

179 1540 234 1594 onis
252 1541 382 1594 Bructerae
393 1540 445 1594 late
456 1540 633 1610 imperitabat:
653 1545 739 1595 vetere
752 1541 819 1612 apud
831 1541 975 1597 Germanos

178 1633 255 1678 more,
270 1632 319 1684 quo
331 1615 463 1684 plerusque
475 1616 625 1672 feminarum
635 1617 759 1682 fatidicas,
773 1621 806 1682 et,
817 1625 976 1687 augeseente

157 1690 365 1760 esuperstitione,
379 1689 534 1746 arbitrantur
546 1694 621 1748 Deus.
658 1693 779 1764 lbrnoque
796 1693 903 1748 Veledae
914 1711 976 1748 euo-

165 1766 268 1820 -toritas
286 1765 403 1821 adolevit.
439 1768 506 1822 Nam
524 1787 657 1840 prosperas
679 1768 810 1824 Germanis
826 1787 868 1826 res
886 1773 913 1823 et
932 1787 975 1824 ex-

178 1841 272 1898 oidium
287 1841 416 1913 legionum
427 1843 586 1913 predixerat.
624 1843 674 1898 Sed
688 1845 821 1914 Lupercus
837 1844 865 1898 in
880 1845 974 1900 itinere

177 1918 337 1974 interfectus.
372 1919 453 1974 Peuoi
483 1920 665 1974 Centurionum
688 1920 923 1992 Tribunorumque‚
948 1921 975 1975 in

156 1995 260 2051 elladia
279 1995 368 2066 geniti,
389 1999 559 2061 reservantur,
585 1996 678 2066 pignus
703 1997 839 2052 societatis.
877 1997 974 2052 Cohor-

177 2073 250 2139 tinm‚
269 2072 372 2148 elerum,
391 2071 519 2143 legionum
536 2071 642 2127 hiberna
657 2072 778 2128 subversa
792 2076 973 2143 eremumque:

176 2149 208 2204 iis
220 2153 321 2204 tautum
337 2149 440 2214 relictis,
454 2166 510 2219 quoe
525 2148 684 2216 Mogontiaci
699 2167 730 2204 ao
747 2148 912 2204 Vindonissae
924 2149 975 2202 site

134 2226 245 2280 essunt.
266 2225 363 2296 ‘Logio
375 2225 547 2280 sextadecima
564 2242 622 2278 oum
637 2225 738 2280 auxiliis
754 2225 830 2280 simul
846 2224 944 2278 deditis
960 2241 975 2278 s

177 2300 290 2355 Novesio
312 2301 340 2354 in
363 2301 485 2356 coloniam
502 2301 673 2360 *treverorum
693 2300 838 2372 transgredi
853 2300 972 2370 jubetur,

155 2375 300 2442 apraefinita
318 2375 366 2440 die,
381 2377 450 2430 intra
468 2395 543 2448 quam
564 2377 653 2432 eastris
674 2377 814 2432 excederet.
852 2375 975 2431 Medium

176 2463 250 2530 omne
272 2452 374 2516 tempus
397 2468 443 2518 per
466 2453 548 2506 varies
572 2471 646 2507 eures
669 2471 759 2524 egere:
789 2453 975 2523 ignavissimus

177 2536 291 2602 quisque,
315 2537 436 2576 cesorum
466 2527 534 2595 apud
562 2527 659 2582 Vetera
682 2529 804 2598 exemplo,
829 2533 974 2598 paventem

175 2591 267 2676 mehor
275 2609 333 2660 pars
349 2594 441 2649 rubore
459 2604 486 2652 et
497 2601 616 2656 infamia:
637 2605 735 2672 “quale
746 2603 809 2658 illud
821 2604 894 2658 iter?
913 2604 975 2674 quis

176 2661 229 2717 dux
244 2667 310 2719 ursel
327 2669 354 2720 et
370 2670 454 2723 omniu
470 2673 497 2726 in
509 2675 613 2730 arbitrio
629 2696 724 2746 eorum,
736 2697 799 2750 quos
819 2679 878 2734 vitae
890 2679 974 2734 neeis-

1027 2907 1029 2994 l
