2104 3022
159 133 207 182 246
496 133 616 182 rhem

136 239 280 309 rutulum,
292 245 322 298 ut
333 243 401 298 inter
413 241 560 309 Germanos,
574 243 681 298 rationis
693 261 723 298 ae
734 241 868 298 sollertiae:
886 259 956 313 prte-

157 337 250 389 ponere
262 319 364 384 eleetos,
378 318 465 373 eudire
477 319 633 389 praepositos,
646 319 721 373 nbsse
735 319 846 382 ordines,
858 317 957 372 intelli·

157 413 218 467 gere
230 396 381 460 oooasiones,
392 395 492 450 differre
504 396 622 465 impetus,
634 395 767 465 disponere
775 394 849 459 diem,
859 394 956 450 vollare

157 475 265 536 noctem,
279 472 407 525 fortunam
423 471 491 525 inter
506 471 590 535 dubia,
604 471 727 525 virtutm
738 471 807 524 inter
823 474 895 524 serta
904 488 956 524 nu-

157 563 261 610 merare,
272 546 389 616 quodque
398 545 562 613 rarissimum,
570 563 618 600 neo
626 546 677 600 nisi
683 547 805 600 Romanae
814 545 954 615 discipline

158 639 312 684 eoncessum,
334 621 392 690 plus
410 639 532 690 reponere
552 622 580 675 in
600 621 664 676 duee
686 639 761 692 quam
781 623 810 674 in
830 621 955 676 exercitu.

136 697 240 751 somne
258 695 336 749 robur
352 696 380 749 in
400 696 493 766 pedite,
514 715 589 768 quem
610 714 687 766 super
704 713 773 750 erma
793 695 955 750 ferramentis

159 788 258 842 quoque
270 773 297 824 et
308 770 389 838 oopiis
401 775 515 825 onerant.
551 771 623 825 Alios
635 771 667 825 ad
682 771 796 840 prelium
808 771 846 825 ire
857 771 953 835 videas,

159 847 267 900 Chattos
284 844 316 900 ad
332 845 434 900 bellum.
470 847 535 900 Rari
552 864 674 901 excursus
692 850 719 900 et
734 845 842 900 fortuite
858 863 954 916 pugna

159 922 323 992 Equestrium
334 939 395 976 sane
407 921 498 976 virium
514 921 541 976 id
552 922 690 992 proprium,
704 921 755 976 eito
767 939 855 992 parare
871 922 955 976 vieto-

159 997 230 1065 riam,
242 998 294 1052 eito
305 997 403 1052 cedere.
438 997 568 1052 Velooitas
577 998 654 1068 juxta
669 997 836 1061 formidinem,
850 1001 956 1052 cuneta·

116 1071 197 1127 altio
211 1073 313 1144 propior
332 1072 481 1128 onustantim
496 1077 543 1127 est.
580 1073 615 1128 lu
632 1073 687 1128 aliis
708 1073 891 1128 Germanorum
910 1091 957 1143 po-

160 1148 227 1218 pulis
238 1157 390 1218 usurpatum
401 1166 459 1202 raro
471 1152 497 1202 et
509 1148 608 1219 privata
619 1151 742 1220 cujusque
754 1147 875 1202 audentia
885 1148 956 1219 apud

161 1224 269 1279 Chattos
288 1224 316 1278 in
334 1241 484 1278 eonsensum
503 1224 589 1292 vertit,
608 1229 638 1278 ut
659 1225 768 1294 primum
788 1223 954 1289 adoleverint,

160 1299 255 1354 crinem
277 1299 430 1369 barbamque
451 1299 608 1364 submittere,
632 1317 687 1363 nee,
708 1299 759 1354 nisi
781 1299 855 1354 hoste
879 1318 953 1365 oeae,

139 1379 253 1430 texuere
264 1376 379 1430 votivum
387 1375 576 1446 obligatumque
588 1375 678 1430 virtuti
689 1375 741 1429 oris
750 1375 873 1430 habitum.
905 1376 955 1429 Su-

160 1467 206 1519 per
223 1450 371 1519 ssnguinem
389 1454 416 1505 et
434 1451 514 1520 spolia
533 1450 646 1506 revelant
663 1450 781 1516 frontem,
800 1469 879 1522 seque
895 1457 953 1505 tum

160 1523 261 1577 demum
278 1525 361 1592 pretia
377 1524 498 1580 morendi
517 1526 643 1590 retulisse,
663 1526 802 1597 dignosque
823 1527 907 1596 petria
924 1545 954 1581 ao

139 1598 409 1669 tparenfibuslemnt.
444 1600 549 1669 Ignavis
558 1605 585 1656 et
597 1601 739 1656 imbellibus
748 1605 833 1656 manet
843 1601 953 1672 squalor.

160 1672 324 1728 Fortissimus
340 1674 447 1744 quisque
458 1675 569 1730 ferreum
583 1677 687 1747 insuper
700 1677 821 1731 mutilum
835 1677 955 1747 (ignomi-

159 1749 260 1803 niosum
270 1749 297 1803 id
313 1749 403 1820 genti)
417 1749 487 1804 velut
499 1751 628 1810 vinorrlum
643 1756 736 1822 gestat,
750 1751 830 1807 donea
845 1771 873 1807 se
885 1753 953 1808 erede

135 1823 241 1880 thestis
259 1824 380 1880 absolvat.
415 1825 535 1880 Plurimis
555 1828 707 1882 Chattorum
724 1827 766 1882 hio
783 1827 866 1898 planet
883 1828 953 1883 habi-

160 1906 203 1958 tus
210 1923 218 1968 ;
234 1901 337 1972 jamque
349 1905 441 1956 oanent
457 1902 576 1973 insignes,
590 1907 617 1958 et
631 1903 747 1958 hostibus
763 1903 839 1958 simul
850 1904 954 1974 suisque

159 1978 300 2032 monstrati.
336 1977 456 2032 Omnium
473 1995 550 2048 penes
567 1979 613 2032 hos
630 1978 704 2033 initis
721 1997 882 2050 pugnarum
899 1979 955 2034 haeo

137 2053 240 2123 tprime
248 2071 348 2124 semper
359 2053 432 2118 soles,
444 2053 500 2107 visu
511 2071 583 2108 nove.
620 2054 647 2107 N
648 2072 689 2108 am
700 2072 733 2108 ne
741 2054 769 2108 in
777 2072 839 2124 paee
851 2053 954 2125 quidem

158 2129 233 2184 vultu
244 2130 344 2184 mitiore
359 2133 548 2184 mansuescunt.
584 2128 657 2182 Nulli
672 2129 761 2184 domus
774 2134 819 2183 aut
832 2147 894 2200 ager
909 2133 954 2184 aut

159 2204 243 2274 aliqua
254 2222 329 2259 oure:
348 2207 425 2275 prout
437 2203 469 2258 nd
481 2222 606 2274 quemque
618 2221 718 2269 venere,
731 2205 841 2272 aluntur,
854 2205 955 2276 prodigi

159 2279 241 2343 alieni,
255 2283 441 2350 eontemptores
457 2279 503 2344 sui,
517 2279 597 2335 donee
612 2281 748 2351 exsanguis
764 2285 883 2336 seneotus
900 2285 955 2336 tam

159 2352 230 2405 durae
242 2353 332 2408 virtuti
342 2355 451 2425 impares
463 2354 548 2410 faeiat.

115 2429 153 2481 32
194 2425 308 2478 Proximi
323 2428 425 2482 Chattis
442 2433 540 2484 eertum
552 2433 607 2498 jem
625 2430 696 2486 alveo
712 2431 840 2495 Rhenum,
859 2431 954 2502 quique
1025 2491 1026 2498 ,

159 2496 283 2549 terminus
310 2516 366 2553 esse
394 2502 509 2568 sufficiet,
541 2505 625 2574 Usipii
653 2524 683 2561 eo
710 2506 829 2562 Tencteri
857 2505 953 2562 oolunt.
1025 2509 1026 2533 ¹

159 2569 278 2654 remon·
297 2589 374 2639 super
394 2575 497 2630 solitum
517 2579 641 2634 bellorum
659 2580 737 2638 deeus
755 2582 881 2653 equestris
904 2582 955 2638 dis·

158 2642 256 2710 ‘illmae
274 2647 328 2698 arte
346 2647 509 2716 precellam
531 2671 578 2710 neo
595 2656 675 2726 major
692 2657 760 2727 apud
779 2657 888 2712 Obattos
909 2676 953 2728 pe·
