2096 3038
173 147 218 194 leo
507 146 627 194 TACITI

148 256 292 328 desposcit,
312 257 393 312 minas
416 255 624 329 adulationesque
641 257 740 312 miscet.
777 208 973 328 Stqqtplhcqqq.

171 333 291 404 gradibus
303 333 395 388 Palatii
406 333 539 388 Vitellium
549 338 575 389 et
587 351 675 404 preces
687 337 817 405 parantem
827 335 972 405 pervicere,

170 413 201 464 ut
225 410 368 466 absisteret.
420 411 486 464 'lum
515 411 661 466 confossum
684 410 920 481 collaceratumque
945 415 974 466 et

171 485 269 542 absciso
293 487 377 557 capite
399 488 519 541 truncum
543 505 635 557 corpus
661 486 748 542 Sabini
772 487 800 542 in
829 487 973 542 Gemonias

128 563 284 625 75trahunt.
321 561 530 620 Hiceritusviri
547 563 615 617 baud
630 581 691 618 sane
708 562 851 634 spernendi.
890 565 974 630 Quin

171 657 221 710 quc
244 643 271 694 et
294 639 403 709 triginta
427 639 555 709 stipendia
571 640 599 694 in
622 640 752 710 republica
769 640 872 704 iecerat,
901 640 974 696 domi

171 714 316 788 militiaque
328 716 420 772 clarus.
456 716 633 770 Innocentiam
645 716 822 788 justitiamque
840 717 899 787 ejus
920 737 974 772 non

171 808 306 862 argueres;
325 792 447 848 sermonis
459 792 552 846 niurius
564 797 635 848 erat:
654 792 681 848 id
692 812 772 848 unum
783 796 882 863 septem
896 795 973 849 annis

172 866 264 937 quibus
284 868 410 933 Meum,
432 868 565 923 duodecim
585 868 677 939 quibus
698 869 875 940 praefecturam
897 870 974 926 urbis

150 943 290 1010 nobtinuit,
315 944 482 999 calumniatus
510 948 550 999 est
573 963 667 1000 rumor.
711 946 745 1000 In
768 945 817 1000 line
841 946 904 1002 vitae
931 947 975 1002 ulii
1026 966 1027 975 ¹

172 1037 282 1091 segnem
301 1020 376 1075 multi
391 1021 549 1076 moderatum
567 1027 593 1076 ct
610 1021 702 1077 civium
720 1021 850 1093 sanguinis
862 1039 975 1092 parcum
1023 1024 1029 1098 'q

171 1095 308 1152 credidere.
345 1096 423 1156 Quod
441 1097 509 1151 inter
525 1115 613 1152 omnes
629 1098 782 1163 constiterit,
796 1100 856 1152 ante
875 1099 975 1168 princi·
1027 1109 1029 1176 l

171 1177 260 1246 petum
279 1173 429 1244 Vespasiani
450 1173 527 1228 decus
551 1173 641 1228 domus
661 1192 739 1244 penes
761 1173 882 1229 Sabinum
905 1179 973 1231 erat.
1028 1189 1029 1208 ¹

151 1249 274 1305 eosdem
291 1249 346 1321 ejus
364 1249 448 1304 letam
465 1249 546 1304 fuisse
562 1249 684 1304 Muciano
703 1250 853 1322 accepimus.
891 1250 974 1307 Fere·

171 1325 234 1381 bant
251 1326 365 1397 plerique
382 1325 459 1381 ctiam
475 1327 532 1396 paci
550 1326 703 1392 consultum,
720 1327 847 1398 dirempta
865 1329 973 1383 emula-

172 1402 242 1458 tione
253 1402 321 1457 inter
335 1401 407 1470 duos,
425 1419 534 1473 quorum
550 1402 615 1458 ulter
631 1421 659 1458 se
675 1403 780 1458 fratrem
798 1403 973 1474 imperatoris,

151 1477 237 1538 duitor
254 1482 398 1534 consortem
414 1478 514 1550 imperii
532 1479 663 1550 cogitaret.
700 1479 753 1535 Sed
769 1479 890 1535 Vitellius
909 1499 973 1536 oon-

173 1555 235 1611 sulis
253 1555 405 1626 supplicium
423 1556 538 1626 poscenti
562 1555 656 1626 populo
673 1555 778 1622 restitit,
797 1555 916 1627 placatus
941 1575 973 1612 ac

173 1631 243 1688 velut
255 1632 337 1687 vicem
348 1631 463 1697 reddens,
477 1632 546 1702 quod
557 1631 773 1704 interrogantibus
790 1632 847 1703 quis
861 1631 972 1704 Capito·

174 1708 236 1764 lium
261 1707 416 1764 incendisset
439 1726 467 1763 se
491 1726 563 1763 reum
587 1709 690 1764 Atticm
719 1709 856 1774 obtulerat,
889 1727 973 1781 eaque

174 1785 339 1850 confessione,
353 1785 407 1840 sive
423 1789 512 1856 aptum
529 1786 639 1856 tempori
654 1785 813 1841 mendacium
829 1785 888 1852 fuit,
905 1786 974 1841 invi-

174 1861 242 1918 diam
254 1863 399 1934 crimenque
408 1863 541 1934 agnovisse
554 1867 581 1918 et
593 1863 733 1934 apartibus
742 1861 841 1919 Vitellii
849 1863 972 1919 amolitus

174 1939 318 1996 ridebatur.

130 2014 167 2073 76
209 2017 308 2072 Iisdem
330 2015 421 2072 diebus
445 2015 616 2082 Invitellius,
635 2016 727 2088 positis
748 2015 817 2088 apud
835 2015 974 2072 Feroniam

174 2094 274 2163 castris,
288 2092 386 2149 excidio
404 2091 546 2148 Tarracina
564 2093 720 2158 imminebat,
736 2093 829 2148 clausis
847 2092 899 2148 illio
919 2094 973 2165 gln

175 2170 315 2226 dictoribus
333 2170 531 2241 remigibusque,
548 2170 592 2240 qui
609 2188 661 2225 non
675 2169 762 2242 egredi
778 2169 870 2224 moenia
887 2188 972 2241 neque

152 2245 313 2315 opericulum
326 2247 354 2301 in
371 2249 460 2318 aperto
477 2245 611 2301 audebant.
648 2247 769 2311 Praeerat,
782 2250 813 2301 ut
829 2264 907 2316 supra
919 2265 973 2302 me·

174 2321 335 2390 moravimus,
360 2323 478 2378 Julianus
501 2322 693 2394 gladiatoribus,
717 2322 872 2394 Apollinaris
896 2324 974 2378 remi·

175 2395 258 2468 gibus,
283 2396 386 2452 lascivia
410 2399 574 2469 socordiaque
597 2399 767 2470 gladiatorum
790 2399 871 2470 magis
895 2417 974 2470 quam

176 2472 270 2526 ducum
288 2471 390 2525 similes.
427 2474 489 2526 Non
511 2475 610 2544 vigilias
636 2493 790 2547 agarenum
807 2475 893 2530 intuta
910 2494 973 2531 moe-
1028 2517 1030 2580 4

177 2545 249 2598 nium
267 2544 382 2598 firmare:
414 2551 494 2600 noctu
517 2548 608 2618 dieque
625 2552 689 2606 fluxi
706 2555 733 2606 et
751 2569 850 2606 amoena
866 2551 975 2606 litorum

177 2629 350 2688 personantes,
373 2619 402 2671 in
418 2619 586 2676 ministerium
603 2624 679 2680 luxus
698 2625 818 2696 dispersis
839 2626 973 2692 militibus,

155 2694 211 2748 8de
234 2691 300 2747 bello
318 2694 418 2746 tantum
436 2692 503 2746 inter
521 2698 636 2752 convivia
659 2700 835 2772 loquebantur.
871 2702 974 2760 Paucos
