2070 3204
155 155 186 205 20
367 179 370 186 ,
476 150 597 201 rncrrl

802 214 825 252 u.
836 213 865 252 u.
875 213 897 252 c.
907 213 954 254 rra

153 264 248 322 oedem
260 264 315 336 ejus
325 263 395 318 Otho
407 263 572 334 premiserat,
585 261 735 328 confossus3
754 261 781 316 in
822 263 956 317 arciannm

154 336 252 391 Icelum
264 338 294 388 ut
306 334 334 388 in
345 333 464 388 libertum
476 333 559 404 palam
572 330 782 386 animadversum.

109 413 147 472 47
190 413 290 466 Exacto
301 427 347 481 per
359 409 453 464 sociem
469 409 510 464 die
525 408 691 464 novissimum
709 407 833 462 maiorum
845 407 896 462 fuit
908 407 957 462 laa-

155 488 222 543 titia.
258 488 342 542 Vocat
361 489 478 540 senatum
498 489 593 556 prator
609 484 739 550 urbanum
766 488 866 538 certant
890 483 957 538 adu-

133 563 292 620 ulationibus
311 562 390 618 ceteri
403 562 577 633 magistratus.
614 562 762 616 Accurrunt
780 565 882 631 patrem
910 560 956 614 de-

126 672 129 684 *
155 642 268 696 cernitur
285 639 384 695 Othoni
401 638 538 694 tribunicia
554 640 669 709 potestas
687 641 714 692 et
731 655 824 692 nomen
836 638 956 707 Augusti

155 721 183 772 et
201 735 289 772 omnes
304 716 446 787 principum
460 715 577 780 honores,
591 713 765 768 adnitentibus
777 714 876 769 cunctis
890 713 953 768 abo·
1023 779 1024 794 χ

156 793 210 848 1111
228 793 341 848 convicia
358 810 388 846 ao
405 792 506 862 probro,
526 809 583 862 quoe
607 791 734 861 promisce
755 790 825 860 jacta
848 790 957 844 hesisse
1023 805 1024 820 ¹

134 869 241 932 sanimo
265 869 322 939 ejus
343 885 417 922 nemo
438 868 526 923 sensit.
562 867 698 921 Omisisset
721 867 829 921 offensas
848 885 881 920 an
903 865 956 920 dis·

156 945 266 1009 tulisset,
277 943 403 1000 brevitate
415 943 514 1014 imperii
522 943 549 998 in
557 943 655 998 incerto
663 943 721 997 fuit.
758 943 835 1006 Otho,
845 946 957 997 cruento

156 1021 240 1076 adhuc
252 1021 315 1085 foro,
329 1038 374 1090 per
388 1023 499 1092 stragem
509 1019 649 1091 jacentium
665 1019 693 1074 iu
704 1019 858 1089 Capitolium
875 1023 956 1088 atque

156 1097 216 1153 inde
239 1097 266 1153 in
289 1097 417 1152 Palatium
440 1099 529 1152 vectus
554 1095 658 1152 concedi
683 1113 790 1166 corpora
813 1095 955 1166 sepulturae
1023 1117 1024 1138 1

134 1175 314 1245 4cremarique
326 1173 448 1246 permisit.
485 1173 604 1228 Pisonem
620 1172 732 1227 Verania
742 1189 809 1226 uror
825 1175 854 1226 ac
870 1171 956 1226 frater

158 1252 346 1315 Scribonianus,
359 1251 447 1304 Titum
458 1249 564 1304 Vinium
581 1249 699 1320 Crispina
712 1249 764 1302 filia
780 1265 955 1318 composuere,
1023 1259 1024 1264 ’

159 1328 273 1398 quaesitis
291 1326 479 1396 redemptisque
496 1326 629 1397 capitibus,
648 1344 704 1396 quae
719 1325 819 1380 venalia
833 1324 956 1380 intersec-

112 1411 150 1464 48
158 1405 228 1458 tores
250 1405 419 1457 servaverant.
456 1402 517 1456 Piso
537 1421 618 1457 unum
638 1407 665 1457 et
688 1401 846 1457 tricesimum
869 1401 956 1456 aetatis
1023 1415 1024 1438 ¹

119 1488 122 1493 '
158 1497 253 1534 annum
266 1478 392 1550 explebat,
406 1477 474 1532 fama
489 1479 592 1534 meliore
607 1497 683 1550 quam
699 1478 812 1532 fortuna.
848 1477 956 1533 Fratres

158 1556 213 1625 ejus
232 1555 358 1626 Magnum
376 1553 506 1620 Claudius,
532 1555 653 1610 Orassurn
671 1555 743 1609 Nero
764 1555 954 1610 interfecerant.

136 1632 218 1702 2Ipse
242 1631 287 1686 diu
311 1630 390 1696 exsul,
404 1631 540 1701 quatriduo
559 1633 651 1696 Caesar,
665 1635 801 1702 properata
818 1630 956 1700 adoptione

158 1708 190 1762 ad
213 1708 262 1763 hoc
285 1711 387 1762 tantum
412 1708 500 1778 majori
523 1708 598 1763 fratri
621 1709 741 1780 prelatus
766 1711 813 1772 cst,
835 1711 866 1762 ut
885 1707 957 1778 prior

137 1785 323 1848 reccideretur.
360 1785 434 1838 Titus
449 1785 542 1840 Vinius
559 1785 745 1856 quinquaginta
761 1788 857 1855 septem
875 1801 957 1839 annos

158 1861 236 1917 variis
248 1861 361 1916 moribus
374 1862 434 1932 egit.
471 1863 550 1916 Pater
561 1861 599 1917 iiii
614 1861 734 1933 praetoria
746 1861 848 1926 familia,
862 1865 958 1915 mater-

136 1949 207 1996 enus
220 1955 282 1993 avus
295 1957 309 1993 1
320 1937 477 2009 proscriptis.
513 1939 601 1994 Prima
616 1939 709 1993 militia
724 1938 825 1992 infamis
842 1938 958 2008 legatum

160 2015 299 2071 Calvisium
313 2015 434 2070 Sabinum
450 2014 583 2081 habuerat,
597 2016 670 2086 cujus
682 2033 747 2069 uxor
759 2015 826 2070 maia
837 2014 957 2085 cupidine

158 2093 258 2150 visendi
276 2093 354 2148 situm
378 2095 527 2158 castrorum,
549 2111 595 2164 per
618 2096 721 2147 noctem
741 2092 846 2147 militari
865 2089 959 2146 habitu

158 2170 280 2240 ingressa,
301 2188 359 2225 cum
376 2170 478 2241 vigilias
496 2172 523 2224 et
541 2175 628 2224 cetera
644 2169 741 2223 militia
759 2168 846 2222 munia
869 2167 960 2222 eadem

158 2245 263 2300 lascivia
273 2251 432 2311 tememsset,
440 2247 473 2316 viu
484 2246 547 2316 ipsis
559 2246 691 2316 principiis
704 2249 823 2316 stuprum
835 2263 911 2310 ausa;
930 2248 958 2299 et

137 2320 273 2382 acriminis
290 2321 369 2389 hujus
387 2339 447 2375 reus
466 2323 542 2376 rlitus
556 2322 650 2378 Vinius
670 2322 833 2394 arguebatur.
870 2320 959 2391 Igitur

156 2396 232 2467 jussu
244 2395 274 2450 O.
289 2395 396 2450 Caesaris
409 2400 530 2450 oneratus
542 2399 646 2464 catenis,
666 2417 727 2453 mox
738 2394 881 2454 mutatioire
892 2401 959 2452 tern-

158 2489 250 2542 porum
268 2470 487 2542 dimissus‚,cursu
503 2473 627 2528 honorum
645 2475 769 2530 inoffenso
787 2474 881 2547 legioni
898 2478 959 2544 post

159 2551 297 2619 praeturam
309 2548 461 2618 prepositus
473 2549 654 2620 probatusque,
666 2553 752 2606 servili
764 2552 882 2622 deinceps
900 2569 959 2622 pro·

159 2625 206 2680 bro
218 2642 350 2696 respersus
362 2628 402 2680 est
414 2628 537 2696 tanquam
549 2627 673 2696 scyphum
684 2645 792 2683 aureum
802 2629 830 2684 in
842 2627 958 2684 convivio
