2070 3204
75 368 93 406 Δ
111 366 129 405 D
144 365 185 414 6⁹]
269 303 521 352 HISTORIARUM
538 305 573 351 11.
594 304 678 354 7-11.
832 303 863 355 tt

74 416 163 470 animis
181 433 326 470 reversuros
340 415 511 470 firmaverunt.
547 413 596 468 Sed
616 414 752 484 Asprenati
773 415 889 470 cuncta4

74 509 106 546 cx
124 491 172 546 fide
188 492 324 556 nuntiata;
348 492 420 562 cnjus
440 491 614 546 cohortatione
632 499 778 562 expugnata
792 491 863 545 navis

73 571 100 621 et
109 567 259 622 interiectus
271 568 385 638 quisquis
397 568 439 622 ille
451 571 514 622 erat.
551 567 658 637 Corpus,
672 567 771 638 insigne
783 567 888 623 conlisa

72 660 194 714 cornaque
203 647 229 698 et
238 645 359 699 torvitate
368 644 594 710 vidtus,inAsiam
604 649 680 714 atque
689 644 747 698 inde
757 645 864 698 Rcmarn

72 726 220 791 pervectum
232 725 279 775 est.

108 797 141 850 [n
153 797 257 852 civitate
269 797 386 863 discordi,
395 801 422 852 et
433 798 466 852 ob
478 797 579 852 crebras
590 797 732 868 principum
745 797 864 852 mutatio-
875 796 911 851 10

71 890 118 928 nes
136 873 203 927 inter
214 873 357 928 libertatem
370 891 399 928 ac
410 874 536 928 licentiam
550 873 653 940 incerta,
667 891 750 944 parvae
763 891 863 945 quoque

70 967 113 1004 res
125 950 224 1021 magnis
236 950 347 1004 motibus
359 950 505 1021 agebantur.
525 949 615 1004 Vibius
626 950 740 1020 Crispus,
748 952 888 1021 pecunias

70 1026 466 1097 potentia,ingenio,interclar0s
475 1027 555 1098 magis
565 1043 640 1096 quarn
648 1026 864 1093 interbonos,An·

69 1103 142 1156 nium
152 1103 283 1168 Faustum,
292 1103 526 1174 equestrisordinis,
535 1103 579 1173 qui
588 1103 744 1174 temporibus
753 1105 864 1159 Neronis

69 1179 210 1234 delationes
222 1180 389 1245 factitaverat,
403 1179 435 1233 ad
447 1179 617 1250 cognitionem
629 1184 732 1233 senatus
750 1180 863 1235 vocabat.

69 1256 140 1311 Nam
158 1275 254 1322 recens,
274 1257 360 1312 Galba
381 1256 531 1327 principatu,
553 1259 705 1310 censuerant
726 1259 812 1326 patrea
832 1261 888 1320 uta

69 1338 246 1388 accusatorum
259 1339 341 1388 causae
352 1337 525 1387 noscerentur.
562 1331 595 1386 Id
603 1335 706 1386 senatus
719 1331 864 1387 consultum

68 1411 140 1465 varie
150 1411 274 1480 jactatum
286 1415 320 1474 et,
333 1413 410 1480 prout
419 1414 510 1480 potens
522 1408 563 1463 vel
574 1408 648 1477 inops
661 1426 719 1463 reus
731 1409 862 1474 inciderat,

68 1487 197 1542 infirmum
210 1492 255 1542 aut
267 1487 378 1541 validum
394 1485 558 1541 retinebatur.
594 1484 637 1538 Ad
650 1484 698 1539 boc
716 1486 821 1540 terroris
837 1489 889 1541 etl

68 1563 173 1635 propria
195 1564 221 1618 vi
245 1564 351 1634 Crispus
374 1563 524 1618 incubuerat
548 1560 685 1616 delatorem
712 1562 798 1617 fratris
823 1564 863 1618 soi
960 1583 962 1588 ¹

69 1645 233 1712 pervertere;
256 1644 421 1711 traxeratque
442 1657 559 1711 magnam
583 1641 687 1694 senatus
705 1643 811 1708 partem,
831 1644 862 1694 nt

68 1715 230 1772 indefensum
247 1721 274 1772 et
293 1717 436 1772 inauditum
459 1715 517 1771 dedi
529 1715 561 1770 ad
572 1714 679 1770 exitium
694 1716 861 1785 postularent.

69 1793 250 1866 Contra'apud
268 1789 329 1849 alios
346 1794 410 1848 nihil
421 1812 492 1864 arque
504 1811 548 1848 reo
560 1790 678 1862 proderat
695 1810 770 1863 quam
786 1793 888 1852 nimiae

68 1873 185 1942 potentia
192 1873 363 1928 accusatoris:
382 1870 437 1926 dari
448 1875 557 1942 tempus,
568 1873 609 1929 edi
622 1869 735 1934 cumina,
748 1870 863 1940 quamvis

67 1947 179 2002 invisum
192 1965 221 2003 ac
228 1955 361 2003 nocentem
373 1965 443 2003 more
454 1953 541 2004 tamen
548 1949 707 2013 audiendum,
717 1947 861 2002 censebant.

68 2024 105 2080 ut
129 2023 231 2079 valuere
254 2025 344 2094 primo,
366 2023 493 2096 dilataque
512 2026 540 2080 in
557 2045 652 2097 paucos
671 2024 725 2079 dies
741 2023 861 2094 cognitio.

68 2099 135 2154 Mox
159 2099 292 2154 darnnatus
316 2103 357 2154 est
380 2100 499 2166 Faustus,
524 2119 683 2174 nequaquam
706 2117 737 2154 eo
758 2115 888 2164 assensua

68 2173 182 2229 civitatis
207 2191 281 2243 quem
308 2175 424 2244 pessimis
451 2177 564 2232 moribus
587 2180 723 2233 meruerat.
760 2175 863 2245 Quippe

67 2250 155 2322 ipsum
173 2248 291 2318 Crispum
309 2249 411 2304 easdem
423 2252 596 2308 accusationes
608 2250 781 2322 comprensio
794 2269 863 2304 exer·

67 2327 154 2383 cuissc
165 2325 339 2391 meminerant,
355 2342 403 2380 nec
420 2343 494 2396 poena
505 2328 616 2384 criminis
635 2327 764 2383 sedulior
779 2325 863 2396 displi-

68 2409 151 2465 cebat.

104 2486 179 2541 Laeta
192 2485 295 2540 interim
311 2484 409 2540 Othoni
426 2485 550 2558 principia
562 2485 630 2552 belli,
643 2485 720 2542 motis
735 2485 767 2540 ad
782 2484 862 2556 impe·
874 2492 907 2549 11

67 2563 136 2618 rium
147 2567 203 2632 ejus
215 2581 229 2618 e
241 2562 370 2618 Dalmatia
387 2563 566 2634 Pannoniaque
584 2563 744 2620 exercitibus.
780 2561 887 2626 Fumea

67 2649 179 2710 quatuor
207 2639 328 2711 legiones,
355 2658 370 2694 e
393 2639 485 2710 quibus
524 2640 584 2695 bina
610 2640 689 2696 millia
714 2639 861 2712 praemissa;

66 2717 130 2787 ipsoe
147 2716 252 2772 modicis
268 2717 407 2772 intervallis
424 2716 602 2789 sequebantur,
624 2719 733 2787 septima
751 2735 767 2770 a
783 2715 864 2770 Galba

66 2793 219 2864 conscripta,
244 2799 370 2849 veterana
392 2793 527 2850 undecima
549 2811 579 2850 ac
607 2795 687 2849 tertia
715 2793 812 2847 decima
835 2795 862 2845 et

65 2870 190 2943 praroipui
213 2871 281 2926 lama
307 2871 529 2942 quartadecimani,
558 2869 695 2928 rebellione
723 2867 862 2924 Britannia
