2070 3204
178 133 208 180 16
512 129 631 178 ulem

807 188 968 240 [encore
1026 195 1027 198 ¹

175 242 246 307 isset,
268 241 371 296 innixus
391 239 483 296 liberto
507 257 552 310 per
570 239 729 296 'liber-ianam
748 238 851 294 domum
870 239 899 292 in
917 239 970 293 Ve-
1026 265 1027 314 3

175 317 282 383 labrum,
296 316 356 372 inde
372 315 404 371 ed
421 315 566 372 milliarium
584 333 689 371 aureum
705 315 753 370 sub
770 315 848 370 edem
865 313 972 370 Saturni

153 395 267 465 spergit.
305 393 347 448 Ibi
364 396 419 448 tres
437 397 464 448 et
480 391 573 463 viginti
590 392 761 462 speculatores
782 390 971 446 consalutatum
1026 451 1027 460 χ

175 469 363 539 imperatorem,
389 485 418 523 ac
442 468 571 538 paucitate
595 467 761 522 salutantium
784 465 921 536 trepidum,
941 468 971 520 et
1026 463 1027 508 l

177 545 247 599 sellie
271 545 425 599 festinanter
449 543 597 613 impositum
623 543 720 598 strictis
744 541 908 597 mucronibus
930 558 972 595 ra-

154 619 258 690 tpiunt.
295 619 413 674 Totidem
425 620 505 674 ferme
523 619 617 674 mihies
634 620 662 674 in
676 619 768 674 itinere
786 621 970 689 aggregantur,
1026 679 1027 684 ἵ

176 695 219 748 elii
243 696 406 760 conscientia,
430 695 544 765 plerique
567 695 697 760 miraculo,
723 712 780 764 pars
804 694 912 748 clamore
942 697 972 748 et

176 757 283 840 Qndiis,
308 789 368 841 pars
392 771 502 836 silentio,
527 770 638 825 animum
662 789 695 825 ex
715 774 809 824 eventu
832 769 971 838 sumpturi.

132 843 169 897 28
178 846 318 900 Stationem
333 846 361 900 in
375 846 466 900 castris
484 846 678 916 egebatlulius
695 845 822 900 Martialis
840 844 971 900 tribunus.

177 922 205 976 Is
217 921 391 992 magnitudine
404 921 482 976 subiti
493 923 603 987 sceleris,
614 940 647 977 an
655 925 776 994 cormpta
786 921 863 976 latins
876 923 970 986 castra,

176 1002 211 1063 et,
225 999 247 1053 si
259 1002 348 1053 eontra
360 997 484 1063 tenderet,
498 998 602 1072 exitium
620 1002 744 1064 metuens,
761 997 869 1069 prebuit
881 997 972 1067 pleris-

154 1082 226 1145 2que
238 1075 409 1146 suspicionem
421 1074 591 1130 conscientie.
627 1076 805 1146 Anteposuere
817 1073 896 1130 ceteri
907 1091 971 1144 qno-

176 1169 225 1221 que
232 1151 330 1207 tribuni
341 1151 556 1221 centurionesque
567 1150 705 1220 praesentia
716 1149 800 1205 dubiis
809 1152 836 1204 et
843 1149 970 1204 honestis.

153 1227 254 1297 tIsque
277 1228 379 1282 habitus
404 1227 546 1281 animorum
569 1227 621 1280 iuit
644 1229 674 1280 ut
703 1225 841 1296 pessimum
868 1225 970 1280 facinus

95 1305 97 1310 ’
177 1303 299 1357 auderent
311 1303 392 1373 pauci,
405 1303 491 1372 plures
503 1301 606 1370 vellent,
618 1319 705 1357 omnes
717 1304 873 1372 paterentur.

132 1381 168 1434 29
212 1379 322 1448 Ignarus
339 1378 441 1432 interim
459 1378 539 1432 Galba
556 1381 582 1433 et
603 1379 681 1433 sacris
704 1379 819 1433 intentus
843 1376 971 1448 fatigabat

178 1453 252 1508 alieni
261 1453 314 1524 jam
326 1453 423 1524 imperii
433 1453 502 1518 deos,
511 1471 569 1508 oum
578 1455 683 1509 affertur
690 1471 777 1509 rumor
785 1453 841 1524 rapi
848 1453 876 1508 in
884 1459 972 1510 castra

178 1530 304 1584 incertum
328 1548 403 1600 quem
426 1533 575 1594 senatorem,
600 1548 667 1595 mox,
692 1531 821 1585 Othonem
844 1547 901 1584 esse
924 1529 972 1600 qni

178 1609 325 1674 raperetur3
344 1605 419 1659 simul
430 1623 462 1660 ex
473 1608 530 1660 tota
541 1605 611 1670 urbe,
621 1609 651 1660 nt
660 1607 767 1677 quisque
776 1605 866 1660 obvius
875 1605 970 1672 iuerat,
1026 1651 1027 1668 ,

179 1681 222 1735 alii
239 1681 372 1736 formidine
390 1684 519 1752 angentes,
538 1682 641 1752 qnidam
657 1683 755 1737 minora
771 1699 840 1746 vero,
858 1700 891 1737 ne
911 1685 971 1737 tum
1026 1683 1027 1698 ¹

156 1757 281 1828 nquidem
298 1757 371 1812 obliti
388 1757 547 1812 adulationis.
583 1758 669 1828 Igitur
689 1757 892 1813 consultantibus
915 1759 972 1828 pla·

179 1835 233 1889 cuit
245 1837 383 1906 pertentari
395 1835 506 1890 animum
523 1836 635 1890 cohortis
653 1855 709 1906 quse
721 1837 748 1891 in
763 1836 863 1892 Palatio
879 1836 971 1891 statio

179 1929 237 1966 nem
261 1912 360 1982 agebat,
385 1930 432 1967 nec
454 1930 500 1983 per
523 1912 607 1982 ipsum
631 1912 746 1976 Galbam,
771 1913 845 1984 cujus
868 1913 971 1984 integra

157 1987 318 2042 tauctoritas
341 1987 477 2059 majoribus
500 1987 618 2042 remediis
641 1989 797 2043 servabatur.
833 1989 894 2044 Piso
921 2006 971 2059 pro

179 2064 300 2136 gradibus
313 2064 401 2120 domus
413 2067 516 2121 vocatos
528 2064 556 2118 in
567 2064 635 2119 hunc
650 2064 754 2119 modum
770 2064 894 2120 allocutus
910 2067 968 2120 est:

178 2146 231 2184 -·“
243 2143 335 2197 Sextus
354 2141 407 2196 dies
425 2141 518 2212 agitur,
537 2141 727 2206 commilitones,
746 2158 778 2195 ex
796 2158 846 2212 quo
863 2141 969 2212 ignarus

178 2217 268 2282 futuri,
293 2222 319 2272 et
343 2218 397 2272 sire
420 2217 560 2288 optandum
577 2217 626 2272 hoc
643 2235 735 2272 nomen
752 2217 806 2272 sive
826 2216 970 2278 timendum

155 2297 241 2356 4erat‚
256 2293 341 2348 (laser
353 2294 465 2349 adscitus
477 2312 541 2348 sum.
578 2293 638 2352 Quo
654 2293 744 2348 domus
761 2295 855 2348 nostrae
869 2296 915 2348 aut
930 2295 970 2349 rei

180 2366 287 2436 publicae
310 2368 371 2432 fato,
395 2369 423 2422 in
445 2371 532 2422 vestra
548 2385 626 2422 mann
642 2370 755 2438 positum
773 2371 820 2433 est,
839 2387 891 2423 non
909 2370 969 2440 quia

179 2459 236 2496 meo
248 2442 350 2496 nomine
361 2443 500 2498 tristiorem
513 2459 599 2496 casum
618 2461 728 2512 paveam,
745 2445 833 2515 utqui
850 2445 968 2502 muamus

179 2535 221 2572 res
233 2522 353 2587 expertus
367 2536 425 2574 cum
440 2517 548 2572 maxime
564 2517 659 2574 discam
675 2539 708 2574 ne
726 2520 850 2575 secundas
866 2520 968 2591 quidem

179 2593 264 2648 miurus
282 2592 433 2650 discriminis
450 2593 559 2648 habere:
577 2595 658 2664 patris
676 2599 702 2651 et
721 2600 824 2651 senatus
842 2599 869 2651 et
887 2597 968 2666 ipsius

178 2668 279 2739 imperii
293 2669 375 2726 vicem
391 2670 471 2736 doleo,
490 2668 513 2724 si
528 2669 601 2726 nobis
617 2673 662 2726 aut
678 2671 761 2742 perire
776 2671 851 2728 hodie
866 2689 968 2732 nomene
