2096 3038
152 55 199 106 m
485 53 608 104 'rtem

792 116 831 166 [n.
839 116 871 156 u.
882 118 910 157 e.
918 117 969 158 esa

130 166 252 223 teissim
280 163 466 236 opperirentur.
517 165 576 220 Nee
604 163 710 220 defuere
737 164 783 236 qui
809 167 971 222 Antonium

152 241 339 314 suspitionibus
369 245 506 314 arguerent
536 246 660 314 tauquam
693 241 751 297 dolo
779 247 969 310 euuotmtem,

111 329 114 336 ’
151 324 210 392 post
230 323 342 376 soeretss
360 319 461 375 Vitellii
477 319 607 390 epistolas,
629 319 721 390 quibus
742 319 916 376 oonsuhturn
939 325 970 376 et

151 397 264 453 nubilem
281 395 359 452 tilium
375 397 403 450 ot
420 395 518 452 dotales
535 414 597 468 opes
614 396 727 467 pretium
744 395 907 466 proditionis
927 399 969 452 of·

130 474 258 533 eluebat.
294 473 347 528 Alii
364 473 426 528 liuta
445 473 501 529 beo
521 476 549 528 et
569 473 598 528 in
618 473 729 544 gretiam
745 473 866 528 Muciani
889 491 967 530 eum·

151 551 243 624 posita
280 549 392 611 Quidam
410 550 523 605 omnium
546 549 574 604 iri
594 549 688 606 merim
708 549 844 604 eonsilium
865 550 966 619 inimo,

152 629 284 683 ostentam
310 627 397 698 potina
419 626 478 682 urbi
500 625 596 682 bellum
623 643 699 697 quem
721 625 824 691 interro,
851 627 966 697 quanda

152 702 312 758 effidem
324 703 442 758 oubortes
454 721 470 758 a
481 702 588 758 Vitellio
607 701 784 767 descivissent,
796 706 831 767 at,
846 703 963 760 abscisis

130 779 270 834 nomnibus
293 778 425 851 presidiis,
447 797 566 836 sessurus
588 779 696 850 imperio
719 779 864 834 videbatur.
906 780 961 836 Sed

153 858 247 911 meme
257 855 429 922 intimatione,
442 855 533 911 deinde
545 855 647 926 ignauia
658 855 745 910 Sebini
757 860 888 926 surrupta,
904 858 961 928 qui,

153 932 263 1003 sumptis
275 935 371 988 temere
383 933 468 1002 armis,
478 931 674 988 munitissimam
686 932 806 1003 Capitolii
818 950 917 998 aroem,
931 937 959 990 et

152 1026 186 1065 ne
201 1009 301 1081 mugnis
317 1009 419 1081 quidem
434 1009 589 1065 exercitibus
607 1008 809 1080 expugnabilem,
827 1009 960 1065 edremm

153 1088 208 1142 tres
223 1086 341 1142 eohortes
357 1086 426 1140 tueri
441 1085 606 1157 nequivisset.
642 1084 723 1140 Haud
738 1083 812 1140 fnuile
828 1085 889 1155 quis
909 1087 959 1140 uni

131 1163 321 1234 teasigmverit
333 1161 440 1234 urlpem,
454 1179 510 1233 que
526 1161 639 1218 omnium
650 1161 709 1230 suit.
744 1161 815 1216 Nam
826 1165 854 1216 et
867 1161 958 1218 Muci·

153 1257 218 1295 anua
229 1239 356 1310 ambiguis
367 1239 482 1310 epistolis
493 1239 603 1295 victores
615 1237 769 1303 morabstm,
783 1241 810 1292 et
822 1238 956 1294 Antonius

153 1319 311 1386 prepostero
327 1315 456 1387 obsequio,
468 1315 510 1371 rel
525 1315 587 1370 dum
601 1314 698 1386 regerit
713 1313 841 1383 invidiam,
854 1315 955 1372 erimeu

154 1393 263 1458 meruit;
281 1393 417 1464 cumdque
429 1391 517 1458 duoes,
525 1391 586 1447 dum
597 1395 729 1462 peraptum
740 1391 836 1448 bellum
847 1396 953 1462 putant,

132 1467 231 1526 etnam
249 1468 306 1540 ejus
324 1469 485 1540 insignivere.
520 1468 563 1524 Ne
583 1467 693 1524 Petilius
710 1467 813 1538 quidem
834 1467 951 1536 Ourinia

154 1561 212 1601 oum
224 1544 292 1601 mille
304 1545 432 1616 equitibus
444 1545 597 1616 premissus,
609 1547 640 1599 ut
651 1545 802 1600 transversis
814 1544 952 1602 itineribus

154 1639 200 1694 per
217 1637 307 1693 agrum
322 1621 446 1677 Sabinum
465 1621 562 1676 Saluis
574 1621 617 1677 via
633 1621 724 1676 urbem
741 1621 866 1686 introiret,
886 1623 951 1678 eatis

152 1702 334 1767 maturarent
343 1698 423 1754 donee
434 1697 533 1756 obsessi
543 1695 665 1768 Oepitolii
677 1697 745 1752 lama
756 1701 861 1754 eunotos
874 1699 951 1755 simul

111 1775 258 1836 itexoiret.
288 1775 416 1832 Antonim
428 1792 474 1847 per
485 1773 635 1832 Flaminiam
647 1773 680 1830 ad
693 1773 760 1830 Sans
770 1773 854 1844 rubra,
866 1776 951 1832 multo

151 1852 204 1924 jam
216 1853 399 1922 nuntiaremus
411 1851 533 1908 auxilium
544 1849 623 1908 uenit.
659 1847 950 1908 Illioiuterleotmnfle
1025 1909 1026 1918 ,

154 1927 249 1997 binum,
264 1931 433 2002 eontlagrisse
451 1927 612 2000 Capitolium,
625 1931 734 1984 tremere
751 1927 849 1994 urbem,
860 1933 950 1985 mesta
1025 1949 1026 1952 ¹

152 2007 239 2063 omnia
250 2007 363 2078 aoeepit3
381 2006 480 2078 plebem
499 2019 600 2077 quoque
614 2005 641 2060 et
657 2003 762 2060 seruitia
778 2021 825 2075 pro
843 2005 949 2062 Vitellio
1025 2025 1026 2030 ¹

133 2085 247 2143 2srmari
263 2084 436 2141 nuntiabatur.
469 2081 507 2138 lit
528 2079 620 2137 Petilio
636 2079 731 2138 Oarieb
751 2083 868 2154 equestre
884 2099 948 2153 pre·

153 2161 216 2216 lium
227 2162 361 2218 adversum
377 2161 469 2216 murat.
505 2154 625 2230 Namque
641 2159 773 2214 iuoautum
788 2162 816 2214 et
826 2162 946 2230 tanquam

152 2237 187 2291 sd
204 2238 286 2294 motos
303 2241 419 2293 ruentem
437 2234 576 2301 Vitelliani,
592 2235 743 2308 interjeotus
761 2235 844 2306 equiti
862 2235 944 2306 pedes,

133 2319 284 2382 oexeepere.
320 2314 467 2384 Pugnatum
484 2311 553 2368 haud
570 2313 660 2383 preenl
676 2313 747 2378 urbe,
758 2311 829 2366 inter
844 2310 946 2368 ediles

154 2387 293 2457 hortosque
309 2395 336 2442 et
350 2389 480 2443 autraetus
492 2388 590 2444 uiarum
602 2408 609 2454 ς
627 2406 692 2460 que,
704 2405 784 2460 gnere
795 2388 945 2456 Vitellianis,

152 2462 311 2530 inoomperta
333 2463 450 2515 hostibus
472 2467 570 2517 matrim
592 2464 714 2528 sesemet.
750 2463 843 2534 Neque
866 2465 943 2520 omnis

152 2552 232 2605 eques
253 2551 365 2598 oouoors,
387 2534 513 2602 udjunotis
538 2538 688 2605 quibusdam
712 2539 756 2610 qui
775 2557 858 2608 nuper
880 2537 943 2609 apud

154 2609 280 2664 Narniam
291 2607 371 2662 dediti
387 2607 517 2662 fortunent
533 2612 645 2678 partium
659 2615 862 2684 immutabantur.
895 2615 942 2670 Ge·

1023 2417 1026 2562 l

1025 2651 1026 2728 l
