2070 3204
198 655 519 718 c.00RNuL11
558 656 747 718 'ramur

231 830 279 884 AB
297 830 452 886 RXOESSU
469 831 551 886 DIVI
568 830 723 884 AUGUSTI

80 1001 870 1094 HISTORIARUM

332 1183 446 1240 LIBER
462 1183 612 1240 PRIMUS.

114 1449 235 1504 Inmurr
260 1447 324 1503 mihi
349 1448 434 1520 operis
454 1447 558 1504 Servius
584 1447 665 1504 Galba
689 1449 782 1504 iterum
799 1449 897 1509 'litusl

80 1525 174 1580 Vinius
197 1523 314 1580 consules
338 1528 422 1580 erunt.
458 1525 527 1580 Nam
550 1528 610 1596 post
634 1525 761 1580 conditam
784 1525 874 1581 urbem

79 1601 241 1672 octingentos
253 1603 280 1655 et
296 1600 388 1671 viginti
402 1600 494 1671 prioris
509 1600 557 1655 avi
571 1619 649 1656 annos
665 1601 740 1656 multi
757 1606 874 1657 auctores

79 1678 232 1742 retulerunt,
245 1676 306 1731 dum
322 1694 363 1731 rea
375 1677 464 1747 populi
475 1677 585 1731 Romani
594 1677 806 1742 memorabantur,
819 1678 874 1748 pari

80 1754 226 1825 eloquentia
245 1769 275 1808 ac
292 1751 420 1808 libertate.
445 1753 586 1824 Postquam
604 1753 726 1809 bellatum
744 1754 811 1824 apud
825 1755 895 1811 hcl

79 1830 146 1885 tium
164 1833 241 1900 atque
257 1845 357 1883 omnem
375 1829 516 1898 potentiam
532 1827 565 1882 ad
582 1847 662 1883 unum
680 1829 789 1884 conierri
804 1830 874 1900 pacis

79 1905 205 1970 interfuit,
230 1921 322 1975 magna
344 1903 388 1958 illa
411 1904 514 1975 ingenia
536 1921 653 1970 cessem
679 1905 755 1959 simul
778 1906 874 1961 veritas

79 1980 196 2052 pluribus
207 1979 288 2034 modis
304 1979 419 2045 infracta,
433 1980 542 2050 primum
558 1980 659 2035 inscitia
676 1980 832 2050 reipublice
843 1984 875 2036 ut

80 2057 176 2121 aliena,
185 2073 245 2110 mox
257 2055 361 2111 libidine
373 2056 519 2111 assentandi
529 2060 573 2111 aut
582 2075 671 2112 rursus
683 2055 741 2110 odio
753 2057 874 2112 adversus

80 2133 239 2188 dominantes
250 2155 256 2186 z
274 2132 312 2186 ita
323 2132 422 2186 neutris
431 2149 493 2186 eura
503 2132 670 2204 posteritatis,
683 2133 751 2187 inter
762 2133 874 2187 infensos

79 2209 122 2265 vel
131 2208 260 2264 obnoxios.
279 2207 330 2262 Sed
339 2208 501 2264 ambitionem
514 2208 644 2278 scriptoris
656 2207 730 2262 facile
742 2208 896 2278 aversemur.

79 2284 234 2340 obtrectatio
250 2286 277 2339 et
293 2283 358 2339 livor
370 2285 456 2354 pronis
468 2284 571 2338 auribus
583 2283 758 2354 accipiuntur:
780 2283 874 2353 quippe

80 2360 221 2416 adulationi
241 2360 336 2416 foedum
357 2361 452 2415 crimen
474 2359 613 2423 servitutis,
636 2358 790 2429 malignitati
811 2359 875 2414 talea

81 2435 178 2508 species
190 2436 314 2492 libertatis
330 2436 405 2490 hrast.
441 2435 509 2490 Mihi
521 2434 601 2489 Galba
612 2434 682 2489 Otho
693 2434 813 2490 Vitellius
827 2442 897 2492 nect

81 2512 204 2568 beneficio
223 2530 272 2568 neo
289 2512 384 2584 injuria
402 2511 506 2582 cogniti.
543 2511 704 2581 Dignitatem
722 2515 839 2567 nostram
860 2523 876 2568 a⁴

81 2589 240 2659 Vespasiano
263 2588 414 2652 inchoatam,
439 2605 455 2642 a
477 2587 537 2642 'lito
557 2594 665 2652 auctam,
690 2605 706 2642 a
728 2588 876 2644 Domitiano

81 2664 184 2735 longius
209 2668 353 2734 provectam
379 2681 432 2718 non
459 2662 605 2718 abnuerim:
636 2663 681 2720 sed
703 2665 877 2734 incorruptam

82 2740 158 2794 iidem
182 2739 304 2811 professis
327 2757 410 2810 neque
431 2755 516 2794 amore
540 2740 673 2810 quisquam
692 2744 719 2794 et
742 2739 797 2794 sina
817 2739 877 2793 odio

82 2815 205 2871 dicendus
218 2820 266 2871 est.
302 2815 403 2875 Quodsi
414 2815 468 2870 vita
479 2814 633 2884 suppeditet,
641 2815 810 2884 principatum
823 2813 897 2870 divis

83 2893 179 2950 Nerva
195 2895 222 2947 et
239 2892 373 2963 imperium
389 2890 500 2962 'hojoni
513 2889 656 2945 uberiorem
673 2888 876 2955 securioremque

120 2991 242 3032 nestora
253 2993 285 3025 ιι.
468 2984 486 3021 B
