2070 3204
101 358 123 395 A
140 356 159 395 D
176 355 200 396 ω
294 293 545 342 HISTORIARUM
564 292 600 342 11.
619 294 721 342 ro-so
865 295 895 346 75

101 355 217 460 feceret]
230 403 296 458 lum
313 403 429 459 incubuit
447 404 559 459 bostium
584 404 657 469 acics,
676 403 784 476 integris
804 403 918 464 ordini-a

101 481 159 546 bus,
178 479 269 536 robore
287 484 313 534 et
330 499 437 536 numero
454 480 631 552 prrcstantior:
651 480 798 547 Othoniani,
817 499 896 552 quen·

101 575 180 628 qnam
196 556 310 628 dispcrsi,
326 557 466 627 pauciores,
483 557 551 622 lessi,
570 557 684 627 praelium
700 559 787 612 tamen
803 559 897 614 acriter

100 651 240 704 sumpsere.
276 633 312 688 Et
323 651 369 704 per
380 632 448 688 locos
467 633 598 688 arboribus
615 651 644 688 ac
661 633 742 688 vineis
760 633 918 705 impeditoss

100 729 155 766 non
172 729 224 766 nna
240 729 332 782 pngmc
350 711 443 767 iacies:
464 711 603 766 comminus
620 711 726 775 eminus,
742 712 850 767 catervis
868 718 895 770 et

101 788 190 844 cuncis
214 787 404 842 concurrebant.
453 788 486 842 In
510 805 603 860 aggere
625 787 673 842 rire
696 787 789 842 collato
813 789 895 860 gradu

100 864 249 935 corporibus
268 868 295 919 et
315 864 468 919 umbonibus
487 865 543 929 niti,
568 864 661 919 omisso
685 864 794 936 pilorum
814 865 893 936 jactu,

99 939 191 1012 gladiis
203 943 230 994 et
242 940 372 995 securibus
387 941 471 1011 galeas
487 940 627 1010 loricasque
641 959 819 1011 perrumpere:
838 960 895 998 nos·

100 1021 188 1072 centes
209 1017 276 1070 intcr
294 1035 329 1082 sc,
349 1017 447 1071 cacteris
471 1017 608 1088 conspicui,
624 1017 652 1070 in
671 1021 789 1072 eventurn
813 1018 894 1074 totius

99 1092 161 1148 belli
179 1091 319 1148 certabant.
362 1093 440 1147 Forte
458 1093 526 1147 inter
541 1092 640 1147 Padurn
656 1093 780 1162 viamque,
796 1094 894 1164 patenti
901 1101 938 1154 43

100 1187 198 1239 campo,
212 1168 268 1223 duae
279 1168 391 1240 legiones
405 1187 546 1240 congressae
558 1173 626 1234 sunt,
639 1186 686 1239 pro
704 1169 809 1224 Vitellio
820 1174 895 1226 unet·

100 1245 227 1310 vicesima,
240 1245 282 1299 cui
294 1263 435 1318 cognomen
452 1245 557 1315 Rapaci,
571 1248 657 1298 vetere
672 1244 753 1314 glorio
770 1245 892 1316 insignis;

101 1342 116 1378 c
136 1327 209 1394 parte
227 1323 337 1378 Othonis
361 1323 443 1394 prima
466 1321 594 1392 Adjutrix,
613 1339 665 1376 nou
683 1325 743 1377 ante
763 1321 791 1376 in
815 1323 894 1378 aciem

101 1399 217 1464 deducta,
243 1398 288 1454 scd
311 1399 383 1454 ferox
406 1402 433 1454 et
456 1399 516 1454 novi
536 1398 635 1453 decoris
655 1397 736 1453 arida.
773 1398 915 1467 Priruanit

100 1476 188 1531 stratis
201 1476 469 1532 unetvicesimanorum
483 1476 620 1548 principiis,
630 1475 737 1547 aquilam
751 1474 893 1543 abstulere3

101 1571 152 1624 quc
175 1552 261 1607 dolore
279 1569 384 1608 accensa
400 1553 467 1624 legio
485 1556 511 1608 et
529 1552 630 1623 impulit
648 1571 737 1606 rursus
756 1553 892 1623 primanos,

99 1629 235 1685 interiecto
259 1629 355 1684 Orfidio
379 1629 496 1701 Benigno
520 1628 613 1700 legato,
637 1633 664 1684 ct
688 1628 796 1700 plurima
820 1629 894 1700 signa

99 1706 240 1776 vexillaque
258 1724 290 1760 cx
307 1704 423 1760 hostibus
442 1705 534 1777 rapuit.
571 1707 595 1758 A
615 1709 688 1776 parte
704 1705 753 1760 alia
773 1705 914 1776 propulsat

100 1783 280 1854 quintanorum
297 1782 393 1853 impetu
412 1781 603 1837 tertiadecima
622 1781 706 1854 legi0;
726 1782 893 1837 circumventi

99 1858 210 1930 plurium
226 1875 332 1913 accursu
349 1857 569 1928 quartadecimani.
606 1858 642 1912 Et
659 1857 765 1913 ducibus
781 1857 891 1912 Othonis

95 1935 150 2006 jam
168 1933 264 2005 pridcm
280 1934 403 2005 profugis,
422 1934 523 1989 Cercina
537 1952 567 1989 ac
583 1934 677 1988 Valens
694 1933 813 1989 subsidiis
831 1951 891 1988 suos

98 2010 240 2064 firmabant.
284 2011 399 2064 Accessit
416 2028 504 2065 recens
526 2009 654 2076 auxilium,
671 2011 757 2065 Vnnus
774 2009 915 2065 Alieninss

99 2103 159 2138 cum
181 2085 293 2150 Batavis,
313 2087 371 2139 fusa
391 2085 559 2156 gladiatorum
582 2104 667 2144 manu.
690 2105 765 2156 quam
784 2086 891 2142 navibus

99 2162 270 2214 transvectam
281 2161 404 2230 oppositae
413 2162 531 2215 cobortes
548 2161 576 2214 iu
591 2161 647 2230 ipso
665 2161 769 2216 flumine
780 2161 890 2216 trucida·

98 2238 196 2292 verant.
233 2233 396 2290 Iturictores
413 2235 605 2290 lutusbostium
623 2235 724 2290 invecti.
761 2236 935 2301 Etmcdia44

98 2311 152 2368 acie
176 2315 297 2382 perrupta
325 2311 415 2382 fugere
442 2313 537 2382 passim
566 2311 713 2377 Othoniani,
738 2311 890 2370 Bedriacum

96 2392 222 2462 petentes,
259 2388 416 2443 Immensum
439 2387 466 2442 id
489 2386 617 2458 spatium
642 2387 781 2444 obstmctoe
804 2392 890 2462 strage

96 2485 230 2539 corporum
242 2467 298 2522 vire.
335 2467 395 2526 Quo
406 2465 464 2538 plus
476 2465 552 2521 caedis
565 2465 631 2522 fuit:
651 2483 733 2538 neque
750 2467 815 2524 euim
829 2468 889 2526 civi·

95 2543 162 2600 libus
186 2543 259 2599 bellis
283 2543 351 2615 capti
374 2544 401 2598 in
424 2542 534 2614 praedam
560 2547 702 2600 vertuntur.
751 2546 912 2610 Suetoniusu

96 2620 219 2675 Paulinus
238 2624 265 2675 ct
282 2619 397 2676 Licinius
414 2619 540 2676 'Proculus
559 2619 664 2676 diversis
682 2621 815 2679 itineribus
834 2642 889 2680 cas·

96 2710 141 2754 tra
156 2697 277 2753 vitavere.
313 2697 424 2752 Vedium
446 2696 572 2768 Aquilam,
589 2698 672 2754 tertiae
690 2698 794 2755 deciman
810 2700 889 2771 legio·

95 2773 135 2827 nis
156 2772 276 2845 legatum,
299 2773 344 2829 inoe
363 2774 474 2828 militum
497 2774 659 2830 inconsultus
683 2793 762 2845 pcvor
785 2774 887 2830 obtulit.

95 2848 182 2906 Multo
199 2849 282 2906 adbuc
299 2849 340 2906 die
363 2850 457 2907 vellum
474 2851 605 2922 ingressus
623 2851 732 2906 clnmore
755 2848 889 2904 seditioso-
