2096 3038
74 332 100 374 L
111 331 176 372 m
254 267 506 318 msromanura
525 268 563 318 11.
580 271 684 318 sl-st.
836 270 867 323 Μ

73 399 129 440 som
148 331 264 438 el’onto
274 380 428 451 Byzantium
444 379 512 452 adigi
527 379 647 451 jusserat,
660 380 793 452 ambiguus
809 397 869 436 oon·

72 458 132 522 silii,
153 475 222 522 num,
242 457 337 512 omnes
355 456 454 522 Moesia,
474 457 661 528 Dyrrhaolrium
683 457 769 528 pedite
790 461 867 528 atque

72 534 170 604 equite,
192 533 268 590 simul
287 533 371 606 longis
390 533 497 590 navibus
514 552 616 589 versum
633 534 661 590 in
678 535 780 590 Italiam
797 553 867 590 mare

72 610 210 676 elanderet,
223 614 283 666 tuta
292 627 359 682 pone
370 614 472 683 tergum
484 611 581 666 Achaia
591 612 711 683 Asiaque,
726 630 788 684 quas
800 612 869 667 iner-

72 705 128 744 mes
148 687 241 759 exponi
259 687 373 754 Vitellio,
391 688 419 742 ni
438 687 562 759 praesidiis
582 689 760 755 firmarentur3
791 693 869 760 etque

72 765 157 836 ipsum
178 763 311 819 Vitellium
330 764 358 819 in
376 764 474 820 inserto
494 765 548 820 fore
567 783 643 836 quam
663 770 761 836 partem
786 766 868 821 Italia

72 844 228 912 protegeret,
238 842 261 896 si
273 840 321 895 sibi
332 840 498 896 Brundisium
506 841 694 912 Tarentumque
706 845 733 896 et
746 842 868 898 Calabriae

73 917 245 988 Iauoanimque
258 917 334 972 litora
342 917 442 974 infestis
460 917 582 973 elassibus
593 921 749 989 peterentur.
784 919 869 990 Igitur
878 926 916 981 84

1 1026 2 1063 ;
72 993 183 1058 navium,
200 993 319 1059 militum,
337 1011 464 1048 armorum
479 998 571 1065 paratu
590 999 704 1065 strepere
726 995 869 1064 provincia.

1 1106 2 1117 κ
74 1069 197 1128 Sednihil
209 1088 280 1142 reque
292 1070 416 1140 fatigabat
428 1089 504 1141 quarn
521 1071 686 1141 pecuniarum
699 1071 868 1142 oonquisitio:

74 1164 118 1202 eos
130 1164 187 1202 esse
198 1145 257 1202 belli
269 1146 349 1202 civilis
365 1165 456 1202 nervos
473 1147 592 1202 diotitans
609 1147 754 1213 Munianus,
765 1165 817 1201 non
826 1148 870 1218 jus

74 1228 120 1280 sut
138 1241 226 1278 serum
243 1223 271 1278 in
286 1223 481 1294 oognitionibus,
501 1222 546 1278 sed
567 1222 646 1277 solam
666 1222 867 1293 magnitudinem

74 1318 152 1371 opum
164 1299 303 1370 speetabat.
339 1300 437 1354 Passim
454 1299 600 1364 delationes,
614 1305 640 1354 et
657 1299 894 1368 locupletissimum

75 1377 183 1448 quisque
194 1377 222 1432 iu
233 1376 342 1447 praedam
356 1376 473 1447 eorrepti.
511 1378 573 1442 Quae
588 1375 676 1448 gravis
688 1378 764 1446 atque
776 1375 868 1431 intole-

74 1454 162 1520 randa,
175 1452 221 1509 sed
232 1453 384 1508 nenessitate
400 1470 526 1508 armorum
542 1455 670 1516 excusata,
682 1451 758 1506 etism
770 1452 798 1506 in
808 1471 870 1523 paee

75 1549 199 1596 mansere,
214 1530 271 1601 ipso
284 1530 449 1600 Vespasiano,
466 1529 533 1584 inter
548 1529 622 1584 initis
636 1529 742 1600 imperii,
756 1529 788 1584 ad
805 1529 872 1585 obti-

75 1607 172 1664 nendas
184 1607 332 1677 iniquitates
344 1605 412 1661 haud
421 1605 524 1677 perinde
536 1606 689 1671 obstinante,
700 1605 779 1661 donee
790 1605 872 1662 indul·

74 1685 164 1756 gentis
175 1684 285 1740 fortuna
301 1686 328 1738 et
345 1683 429 1753 pravis
441 1683 570 1752 magistris
583 1681 671 1738 didicit
683 1701 810 1754 aususque
822 1687 870 1739 est.

75 1761 191 1832 Propriis
208 1777 308 1831 quoque
326 1759 416 1830 opibus
431 1760 567 1816 Munianus
582 1759 678 1815 bellum
693 1760 768 1832 juvit,
785 1761 895 1832 languea

74 1837 204 1910 privatim,
221 1836 289 1908 quod
304 1835 402 1892 avidius
419 1835 450 1892 de
461 1855 490 1892 re
506 1837 606 1908 publiea
622 1841 742 1893 sumeret.
779 1836 872 1893 Catari

75 1912 287 1973 conferendarum
303 1913 467 1984 pecuniarum
485 1915 628 1986 exemplum
646 1915 745 1970 seouti:
774 1914 873 1970 resisu-

76 2009 135 2048 mus
155 1989 262 2061 quisque
283 1989 388 2046 eandem
409 1990 437 2045 in
455 1991 626 2062 reeupersndo
645 1991 774 2046 lioentirm
794 1991 872 2046 habu·

76 2069 161 2123 amnt

113 2142 263 2198 Aeoelersta
273 2141 375 2198 interim
387 2143 538 2214 Vespasiani
545 2145 628 2213 empta
635 2141 732 2212 lllyrioi
743 2141 872 2197 exereitum
882 2143 918 2196 86

77 2219 173 2284 studio,
197 2220 350 2290 transgressi
370 2221 398 2275 in
420 2224 513 2290 partes.
549 2219 636 2273 Tertia
652 2217 720 2289 legio
731 2218 873 2288 exemplum

77 2296 179 2352 ostonis
203 2296 301 2352 Moesiae
324 2296 466 2368 legionibus
492 2294 608 2368 praebuit.
645 2294 743 2350 Oetavs
765 2299 820 2349 erat
844 2309 874 2350 ae

78 2373 189 2444 septima
212 2371 352 2428 Claudiana
374 2372 479 2429 imbutas
508 2372 594 2426 favore
617 2370 735 2436 Othonia
760 2371 873 2442 quamvis

78 2449 167 2520 proelio
179 2465 230 2502 non
241 2449 425 2504 interfuissent.
460 2449 604 2520 Aquileiam
615 2465 762 2520 progressa,
773 2451 874 2519 protur-
887 2452 903 2499 2

78 2525 147 2582 batis
169 2525 213 2596 qui
233 2525 265 2582 de
284 2527 387 2582 Othone
406 2525 567 2594 nuntiabant,
590 2525 756 2596 laseratisque
776 2525 876 2581 vexillis

78 2619 174 2658 nomen
191 2602 289 2658 Vitellii
305 2603 507 2674 proferentibus,
527 2605 601 2672 rapta
619 2607 748 2674 postremo
768 2601 876 2672 peounia

79 2686 107 2734 et
118 2679 188 2732 inter
205 2697 234 2735 se
248 2679 335 2746 diviso,
354 2679 481 2736 hostiliter
499 2683 612 2750 egerant.
649 2677 725 2734 Unde
743 2681 834 2742 metus,
848 2680 875 2732 et

79 2773 112 2812 ex
137 2758 209 2810 metu
232 2757 380 2814 eonsilium:
400 2773 475 2827 posse
493 2755 616 2825 imputari
641 2754 795 2825 Vespasiano
819 2769 876 2823 qus

80 2830 151 2902 apud
173 2831 307 2890 Vitellium
329 2831 473 2890 excusanda
501 2834 582 2888 amnt
617 2830 661 2886 Ita
686 2834 739 2886 tres
762 2828 899 2886 ussisse

111 2923 269 2962 nac.,rora.u.
485 2923 506 2962 Η
