2070 3204
178 159 210 207 62
505 159 626 206 TACITI

811 216 967 269 [auc-m

152 267 345 324 aelamitabant.
385 267 429 323 rit
447 271 602 325 temeritatis
622 269 709 325 aliena
729 285 814 324 comes
834 267 968 338 Spurinna,

174 347 256 417 primo
268 349 380 412 mactus,
390 364 451 402 mox
463 347 527 402 velle
539 347 727 418 simulansque
740 346 797 419 plus
810 343 970 399 auctoritatis

131 423 270 482 ramesses
291 422 410 488 consiliis,
436 423 458 478 si
477 423 569 478 seditio
592 423 745 478 mitesceret.
782 422 922 492 Postquam
943 419 972 474 in

175 503 314 570 conspectu
332 499 417 554 Padus
436 504 463 555 et
481 519 533 554 nox
553 500 696 571 appetebat,
712 499 801 554 vallari
818 502 902 553 eastra
919 497 971 568 pla·

176 576 237 630 cuit.
273 577 301 630 Is
313 576 383 631 labor
395 575 492 631 urbano
504 577 579 631 nriliti
590 577 708 632 insolitus
718 575 852 632 contundit
864 574 970 629 animos.

154 653 241 714 allum
253 653 441 708 vetustissimus
451 653 557 724 quisque
569 654 695 724 castigare
702 653 877 708 credulitatem
890 669 970 716 suam,

176 733 272 784 metum
285 748 314 784 ae
326 729 461 784 discrimen
472 730 614 796 ostendere,
628 731 650 784 si
662 746 720 786 cum
737 729 851 784 exercitu
863 727 972 796 Casina,

177 807 323 876 patentibus
342 807 444 878 campis,
456 810 508 861 tam
521 826 614 878 paneas
627 807 746 862 cohortes
758 804 971 860 circumfudisset.

155 883 285 954 ttJamque
297 883 360 938 totis
377 884 467 938 eastris
483 884 592 938 modesti
608 902 745 948 sermones,
758 887 785 937 et
801 881 972 937 inserentibus

178 977 206 1014 se
218 959 409 1015 centurionibus
425 959 586 1031 tribunisque
603 960 702 1014 laudari
717 959 877 1030 providentia
890 957 972 1024 ducis,

179 1035 247 1106 quod
259 1035 382 1090 coloniam
393 1036 485 1091 virium
498 1039 525 1091 et
541 1055 618 1107 opum
635 1034 743 1091 validam
755 1035 833 1090 robur
845 1053 874 1090 uc
887 1034 973 1089 sedem
1029 1069 1030 1072 =

154 1112 244 1168 ebeno
262 1113 375 1184 legisset.
411 1113 472 1184 lpse
486 1117 617 1184 postremo
634 1113 769 1183 Spurinna,
782 1130 834 1166 non
851 1115 904 1166 tam
920 1111 974 1166 enl-
1029 1151 1030 1156 κ

178 1208 235 1260 pam
248 1190 403 1260 exprobrans
416 1208 491 1261 quam
506 1190 604 1245 ratione
616 1190 760 1254 ostendens,
780 1188 875 1244 relictis
888 1188 974 1258 explo-

178 1266 305 1320 ratoribus
317 1270 421 1320 caeteros
437 1266 592 1321 Placentiam
607 1266 710 1321 reduxit
721 1265 806 1320 minus
817 1264 934 1320 turbidos
946 1268 975 1320 et

156 1342 284 1411 dimperia
292 1343 451 1412 accipientes.
483 1342 869 1415 Solidatimuri,propugnacula
878 1341 973 1408 addita,

179 1422 261 1472 aucta
281 1421 373 1483 turres,
395 1420 496 1489 provisa
513 1425 651 1492 parataque
670 1439 722 1475 non
743 1438 812 1474 arma
832 1418 907 1473 modo
928 1418 976 1474 sed

180 1492 329 1562 obsequium
341 1498 368 1548 et
384 1496 489 1565 parendi
505 1515 589 1563 amor;
609 1497 677 1568 quod
693 1497 776 1552 solum
792 1496 841 1551 illis
857 1495 975 1566 partibus

181 1568 270 1633 deluit,
284 1587 342 1624 cum
353 1571 456 1626 virtutis
469 1573 537 1627 haud
549 1574 691 1644 paeniteret.

136 1649 173 1702 20
215 1647 252 1698 At
264 1645 371 1712 Caecina,
382 1648 452 1702 velut
459 1649 548 1703 relicta
559 1654 619 1721 post
628 1651 706 1721 Alpes
716 1650 814 1705 saevitia
823 1667 852 1704 ac
863 1649 975 1718 licentia,

181 1721 297 1777 modesto
313 1724 413 1794 agmine
428 1743 474 1795 par
493 1727 594 1780 Italiam
606 1727 718 1781 incessit.
755 1727 881 1780 Ornatam
893 1726 975 1797 ipsius

181 1799 318 1870 municipia
339 1804 365 1854 et
389 1801 492 1856 coloniae
516 1802 544 1856 in
570 1803 714 1874 superbiam
737 1803 881 1868 trahebant,
906 1803 978 1873 quod

181 1876 327 1931 versicolori
350 1877 446 1948 sagulo,
468 1878 556 1933 bracas
579 1879 715 1934 barbarum
735 1884 840 1950 tegmen
860 1879 976 1945 indutus,

159 1957 283 2025 2togetos
299 1953 476 2026 alloqueretur.
513 1956 627 2010 Uxorem
644 1961 730 2012 autem
748 1958 803 2027 ejus
823 1955 977 2022 Saloninam,

181 2050 324 2103 quanquam
348 2031 375 2086 in
398 2031 492 2088 nullius
516 2032 633 2104 injuriam
653 2033 748 2104 insigni
768 2051 834 2104 equo
854 2036 979 2104 ostroque

180 2109 323 2175 veheretur,
336 2113 457 2180 tanquam
473 2109 527 2179 loesi
539 2109 718 2180 gravabantur,
731 2110 809 2164 insita
826 2109 979 2168 mortalibus

181 2191 274 2240 natura
291 2191 418 2242 recentem
437 2187 543 2241 aliorum
559 2183 708 2240 felicitatem
727 2186 827 2241 acribus
842 2186 923 2241 oculis
939 2187 980 2241 in·

161 2342 258 2406 aquam
276 2357 340 2406 quos
360 2340 388 2392 in
406 2358 478 2409 aequo
494 2340 621 2394 viderunt.
658 2339 759 2394 Caecina
776 2339 875 2394 Padum
892 2343 981 2394 trans·

183 2431 293 2482 gressus,
311 2419 412 2468 tentata
429 2416 631 2470 Othonianorum
649 2416 699 2471 fide
717 2435 763 2488 per
781 2415 936 2486 colloquium
951 2421 981 2472 et

183 2489 314 2558 promissa,
336 2489 425 2544 iisdem
445 2491 550 2560 petitus,
572 2497 707 2564 postquam
727 2512 778 2564 pax
797 2497 824 2548 et
843 2493 983 2549 eoncordia

184 2564 304 2635 speciosis
332 2569 358 2620 et
384 2566 390 2577 '
420 2566 461 2621 'tis
490 2569 634 2624 nominibus
657 2571 755 2640 jactata
778 2573 847 2634 sunt,
872 2570 983 2626 consilia

1025 2137 1030 2292 l

181 2263 327 2332 trospicere,
346 2263 499 2334 modumque
517 2263 626 2318 fortuna
644 2281 659 2317 a
676 2263 752 2318 nullis
772 2264 852 2334 magis
873 2263 981 2334 exigere
1029 2305 1030 2316 .

183 2659 307 2710 curasque
327 2641 355 2694 in
375 2644 589 2712 oppugnationem
608 2645 745 2702 Placentiae
765 2663 858 2718 magno
878 2653 983 2703 terrore
1027 2693 1028 2702 .

184 2716 270 2784 vertit,
290 2734 392 2786 gnarus,
411 2721 441 2772 ut
460 2718 534 2773 initio
553 2719 613 2776 belli
631 2724 815 2792 provenissent,
831 2722 931 2778 lamam
952 2724 983 2779 in
